@book{2017,
  title = {Energiespeicher - Bedarf, Technologien, Integration},
  author = {Sterner, Michael and Stadler, Ingo},
  year = {2017},
  month = jul,
  publisher = {Springer-Verlag GmbH},
  address = {BerlinBerli},
  ean = {9783662488935},
  isbn = {3-662-48893-0},
  file = {C:\Users\scl38887\Zotero\storage\H5HQFDAF\2017 - Energiespeicher Bedarf, Technologien, Integration.pdf}
}

@book{2020,
  title = {2020 17th International Conference on the European Energy Market ({{EEM}}},
  year = {2020},
  publisher = {IEEE},
  address = {Piscataway, New Jersey},
  isbn = {978-1-72816-920-0}
}

@article{Aboumahboub2020,
  title = {Decarbonization of Australia's Energy System: {{Integrated}} Modeling of the Transformation of Electricity, Transportation, and Industrial Sectors},
  author = {Aboumahboub, Tino and Brecha, Robert J. and Shrestha, Himalaya Bir and Fuentes, Ursula and Geiges, Andreas and Hare, William and Schaeffer, Michiel and Welder, Lara and Gidden, Matthew J.},
  year = {2020},
  month = jul,
  journal = {Energies},
  volume = {13},
  number = {15},
  pages = {3805},
  publisher = {MDPI AG},
  doi = {10.3390/en13153805},
  priority = {prio2},
  file = {C:\Users\scl38887\Zotero\storage\6696EA8Q\Aboumahboub2020 - Decarbonization of Australia's Energy System_ Integrated Modeling of the Transformation of Electricity, Transportation, and Industrial Sectors.pdf}
}

@article{AbouSeada2022,
  title = {Climate Action: {{Prospects}} of Green Hydrogen in {{Africa}}},
  author = {AbouSeada, Nour and Hatem, Tarek M.},
  year = {2022},
  month = nov,
  journal = {Energy Reports},
  volume = {8},
  pages = {3873--3890},
  publisher = {Elsevier BV},
  doi = {10.1016/j.egyr.2022.02.225},
  file = {C:\Users\scl38887\Zotero\storage\KX44674F\AbouSeada2022 - Climate Action_ Prospects of Green Hydrogen in Africa.pdf}
}

@techreport{Agdal2022,
  type = {Mathesis},
  title = {Investigation of Future Global Trade of Hydrogenfrom {{Renewable Energy Sources}}},
  author = {Agdal, Oda Johanna},
  year = {2022},
  institution = {TU Berlin},
  file = {C:\Users\scl38887\Zotero\storage\AVYY83KI\Agdal2022 - Investigation of Future Global Trade of Hydrogenfrom Renewable Energy Sources.pdf}
}

@techreport{AgoraNR2021,
  title = {No-Regret Hydrogen: {{Charting}} Early Steps for {{H2}} Infrastructure in {{Europe}}},
  author = {{Agora Energiewende and AFRY Management Consulting}},
  year = {2021},
  address = {Berlin},
  institution = {{Agora Energiewende and AFRY Management Consulting}},
  priority = {prio1},
  ranking = {rank5},
  file = {C:\Users\scl38887\Zotero\storage\MIISD6X2\AgoraNR2021 - No Regret Hydrogen_ Charting Early Steps for H₂ Infrastructure in Europe.pdf}
}

@article{Alhamwi2018,
  title = {{{FlexiGIS}}: An Open Source {{GIS-based}} Platform for the Optimisation of Flexibility Options in Urban Energy Systems},
  author = {Alhamwi, Alaa and Medjroubi, Wided and Vogt, Thomas and Agert, Carsten},
  year = {2018},
  month = oct,
  journal = {Energy Procedia},
  volume = {152},
  pages = {941--946},
  publisher = {Elsevier BV},
  doi = {10.1016/j.egypro.2018.09.097},
  file = {C:\Users\scl38887\Zotero\storage\7KRGB6GY\Alhamwi2018 - FlexiGIS_ an Open Source GIS Based Platform for the Optimisation of Flexibility Options in Urban Energy Systems.pdf}
}

@article{Antonopoulos2020,
  title = {Artificial Intelligence and Machine Learning Approaches to Energy Demand-Side Response: {{A}} Systematic Review},
  author = {Antonopoulos, Ioannis and Robu, Valentin and Couraud, Benoit and Kirli, Desen and Norbu, Sonam and Kiprakis, Aristides and Flynn, David and {Elizondo-Gonzalez}, Sergio and Wattam, Steve},
  year = {2020},
  month = sep,
  journal = {Renewable and Sustainable Energy Reviews},
  volume = {130},
  pages = {109899},
  publisher = {Elsevier BV},
  doi = {10.1016/j.rser.2020.109899},
  ranking = {rank4},
  readstatus = {skimmed},
  file = {C:\Users\scl38887\Zotero\storage\US6X5CNJ\Antonopoulos2020 - Artificial Intelligence and Machine Learning Approaches to Energy Demand Side Response_ a Systematic Review.pdf}
}

@techreport{Baenziger2021,
  title = {Decarbonization of {{Swiss}} Road Freight Transport Withdecentralized Green {{Hydrogen}} Production Inhighway Resting Areas},
  author = {B{\"a}nziger, Arturo and Nuredini, Ajadin and Schneider, Andrin and Stein, Ronald},
  year = {2021},
  institution = {ZHAW Z{\"u}rcher Hochschule f{\"u}r Angewandte Wissenschaften}
}

@techreport{Baerbel2021,
  title = {Wasserstoffimporte Bewertung Der Realisierbarkeit von Wasserstoffimporten Gem{\"a}{\ss} Den Zielvorgaben Der Nationalen Wasserstoffstrategie Bis Zum Jahr 2030},
  author = {{B{\"a}rbel, Egenolf-Jonkmanns; Christoph}, Seifert (Fraunhofer UMSICHT) / Malte, K{\"u}per; Thilo, Schaefer (Institut der deutschen Wirtschaft) / Frank, Merten; Alexander, Scholz; Ansgar, Taubitz (Wuppertal Institut) Mitarbeit von: Simon, Heck; Steffen, Lange (Wuppertal Institut), Glasner; Ulrich},
  year = {2021},
  institution = {SCI4climate.NRW},
  file = {C:\Users\scl38887\Zotero\storage\MQVRYA2U\Baerbel2021 - Wasserstoffimporte Bewertung Der Realisierbarkeit Von Wasserstoffimporten Gemäß Den Zielvorgaben Der Nationalen Wasserstoffstrategie Bis Zum Jahr 2030.pdf}
}

@article{Barnes2008,
  title = {Creating an Earth Atmospheric Trust},
  author = {Barnes, P. and Costanza, R. and Hawken, P. and Orr, D. and Ostrom, E. and Umana, A. and Young, O.},
  year = {2008},
  month = feb,
  journal = {Science (New York, N.Y.)},
  volume = {319},
  number = {5864},
  pages = {724b--724b},
  publisher = {American Association for the Advancement of Science (AAAS)},
  doi = {10.1126/science.319.5864.724b},
  file = {C\:\\Users\\scl38887\\Zotero\\storage\\9B2PB5YJ\\Barnes2008 - Creating an Earth Atmospheric Trust.pdf;C\:\\Users\\scl38887\\Zotero\\storage\\Y7MUUG67\\Barnes2008 - Creating an Earth Atmospheric Trust (1).pdf}
}

@article{Barnes2022,
  title = {{{OSeMOSYS Global}}, an Open-Source, Open Data Global Electricity System Model Generator},
  author = {Barnes, Trevor and Shivakumar, Abhishek and Brinkerink, Maarten and Niet, Taco},
  year = {2022},
  month = oct,
  journal = {Scientific Data},
  volume = {9},
  number = {1},
  publisher = {{Springer Science and Business Media LLC}},
  doi = {10.1038/s41597-022-01737-0}
}

@article{Bauer2020,
  title = {Quantification of an Efficiency--Sovereignty Trade-off in Climate Policy},
  author = {Bauer, Nico and Bertram, Christoph and Schultes, Anselm and Klein, David and Luderer, Gunnar and Kriegler, Elmar and Popp, Alexander and Edenhofer, Ottmar},
  year = {2020},
  month = dec,
  journal = {Nature},
  volume = {588},
  number = {7837},
  pages = {261--266},
  publisher = {{Springer Science and Business Media LLC}},
  doi = {10.1038/s41586-020-2982-5},
  file = {C:\Users\scl38887\Zotero\storage\TYXULP59\Bauer2020 - Quantification of an Efficiency_sovereignty Trade Off0.33emin Climate Policy.pdf}
}

@techreport{BCG2021,
  title = {{{CLIMATE PATHS}} 2.0. {{A}} Program for Climate and Germany's Future Development. {{Summary}} of Findings},
  author = {{BCG}},
  year = {2021},
  institution = {Boston Consulting Group},
  file = {C:\Users\scl38887\Zotero\storage\LSAGDVFV\- CLIMATE PATHS 2.0. a Program for Climate and Germany’s Future Development. Summary of Findings.pdf}
}

@article{Bennouna2016a,
  title = {Energy Needs for {{Morocco}} 2030, as Obtained from {{GDP-energy}} and {{GDP-energy}} Intensity Correlations},
  author = {Bennouna, Amin and Hebil, Charaf El},
  year = {2016},
  month = jan,
  journal = {Energy Policy},
  volume = {88},
  pages = {45--55},
  publisher = {Elsevier BV},
  doi = {10.1016/j.enpol.2015.10.003},
  file = {C:\Users\scl38887\Zotero\storage\MASSTQA3\Bennouna2016 - Energy Needs for Morocco 2030, As Obtained from GDP Energy and GDP Energy Intensity Correlations.pdf}
}

@misc{BischofNiemz2022,
  title = {Green Hydrogen - {{ENERTRAG}} - Journal Club at {{TU}} Berlin},
  author = {{Bischof-Niemz}, Tobias},
  year = {2022},
  file = {C:\Users\scl38887\Zotero\storage\5U4GKFJX\BischofNiemz2022 - Journal Club at TU Berlin Green Hydrogen ENERTRAG.pdf}
}

@article{Blanco2018,
  title = {Potential for Hydrogen and {{Power-to-Liquid}} in a Low-Carbon {{EU}} Energy System Using Cost Optimization},
  author = {Blanco, Herib and Nijs, Wouter and Ruf, Johannes and Faaij, Andr{\'e}},
  year = {2018},
  month = dec,
  journal = {Applied Energy},
  volume = {232},
  pages = {617--639},
  publisher = {Elsevier BV},
  doi = {10.1016/j.apenergy.2018.09.216},
  file = {C:\Users\scl38887\Zotero\storage\GQRHLQ7P\Blanco2018 - Potential for Hydrogen and Power to Liquid in a Low Carbon EU Energy System Using Cost Optimization.pdf}
}

@techreport{BMWiNWS2020,
  title = {Die Nationale Wasserstoffstrategie},
  author = {{Bundesministerium f{\"u}r Wirtschaft und Energie (BMWi)}},
  year = {2020},
  institution = {Bundesministerium f{\"u}r Wirtschaft und Energie (BMWi)},
  file = {C:\Users\scl38887\Zotero\storage\IEKTMAFI\BMWiNWS2020 - Die Nationale Wasserstoffstrategie.pdf}
}

@techreport{BMWK2022,
  title = {Er{\"o}ffnungsbilanz Klimaschutz},
  author = {{BMWK}},
  year = {2022},
  institution = {Bundesministerium f{\"u}r Wirtschaft und Klimaschutz},
  file = {C:\Users\scl38887\Zotero\storage\GQC6UKPR\BMWK2022 - Eröffnungsbilanz Klimaschutz.pdf}
}

@article{Bogdanov2021,
  title = {Full Energy Sector Transition towards 100\% Renewable Energy Supply: {{Integrating}} Power, Heat, Transport and Industry Sectors Including Desalination},
  author = {Bogdanov, Dmitrii and Gulagi, Ashish and Fasihi, Mahdi and Breyer, Christian},
  year = {2021},
  month = feb,
  journal = {Applied Energy},
  volume = {283},
  pages = {116273},
  publisher = {Elsevier BV},
  doi = {10.1016/j.apenergy.2020.116273},
  file = {C:\Users\scl38887\Zotero\storage\XSS3TTNF\Bogdanov2021 - Full Energy Sector Transition Towards 100% Renewable Energy Supply_ Integrating Power, Heat, Transport and Industry Sectors Including Desalination.pdf}
}

@inproceedings{Bolgaryn2023,
  title = {Open Source Simulation Software Pandapower and Pandapipes: {{Recent}} Developments},
  booktitle = {2023 Open Source Modelling and Simulation of Energy Systems ({{OSMSES}})},
  author = {Bolgaryn, Roman and Banerjee, Gourab and Meinecke, Steffen and Maschke, Hendrik and Marten, Frank and Richter, Mario and Liu, Zheng and Lytaev, Pawel and Alfakhouri, Baraa and Kisse, Jolando and Lohmeier, Daniel},
  year = {2023},
  month = mar,
  publisher = {IEEE},
  doi = {10.1109/osmses58477.2023.10089685},
  file = {C:\Users\scl38887\Zotero\storage\DQ96X4IE\Bolgaryn2023 - Open Source Simulation Software Pandapower and Pandapipes_ Recent Developments.pdf}
}

@article{Boulakhbar2020,
  title = {Towards a Large-Scale Integration of Renewable Energies in {{Morocco}}},
  author = {Boulakhbar, M. and Lebrouhi, B. and Kousksou, T. and Smouh, S. and Jamil, A. and Maaroufi, M. and Zazi, M.},
  year = {2020},
  month = dec,
  journal = {Journal of Energy Storage},
  volume = {32},
  pages = {101806},
  publisher = {Elsevier BV},
  doi = {10.1016/j.est.2020.101806},
  ranking = {rank2},
  file = {C:\Users\scl38887\Zotero\storage\MFCQ8J82\Boulakhbar2020 - Towards a Large Scale Integration of Renewable Energies in Morocco.pdf}
}

@techreport{BP2021,
  title = {{{BP}} Statistical Review of World Energy 2021},
  author = {{BP}},
  year = {2021},
  file = {C:\Users\scl38887\Zotero\storage\GLHVQ8YF\BP2021 - Bp Statistical Reviewof World Energy2021 _ 70th Edition.pdf}
}

@techreport{Brauer2022,
  title = {Green Hydrogen -- {{How}} Grey Can It Be?},
  author = {Brauer, Johannes and Villavicencio, Manuel and Tr{\"u}by, Johannes},
  year = {2022},
  institution = {European University InstituteRobert Schuman Centre for Advanced StudiesThe Florence School of Regulation},
  file = {C:\Users\scl38887\Zotero\storage\ZRF2LAQ4\Brauer2022 - Green Hydrogen – How Grey Can It Be_.pdf}
}

@article{Breitenstein2022,
  title = {Stranded Asset Risk and Political Uncertainty: {{The}} Impact of the Coal Phase-out on the German Coal Industry},
  author = {Breitenstein, Miriam and Anke, Carl-Philipp and Nguyen, Duc Khuong and Walther, Thomas},
  year = {2022},
  month = sep,
  journal = {The Energy Journal},
  volume = {43},
  number = {01},
  publisher = {International Association for Energy Economics (IAEE)},
  doi = {10.5547/01956574.43.5.mbre},
  file = {C:\Users\scl38887\Zotero\storage\IWY2XDDS\Breitenstein2022 - Stranded Asset Risk and Political Uncertainty_ the Impact of the Coal Phase Out on the German Coal Industry.pdf}
}

@techreport{Breitschopf2022,
  title = {Import von Wasser-Stoff Und Wasserstoffderivaten: {{Exportl{\"a}nder}}. {{HYPAT}} Working Paper 02/2022{\dbend}},
  author = {Breitschopf, B.; Thomann, J.; Kleinschmitt, C.; Hettesheimer, T.; Neuner, F.; Wittmann, F.; Roth, F.; Pieton, N.; Lenivova, V.; Thiel, Z.; Strohmaier, R.; Stamm, A.; Lorych, L., J.; Fragoso Garcia},
  year = {2022},
  address = {Karlsruhe},
  institution = {Fraunhofer ISI{\dbend}},
  ranking = {rank2},
  file = {C:\Users\scl38887\Zotero\storage\5CEBZP7E\Breitschopf2022 - Import Von Wasser Stoff Und Wasserstoffderivaten_ Exportländer. HYPAT Working Paper 02_2022�.pdf}
}

@article{Brown2018a,
  title = {{{PyPSA}}: {{Python}} for Power System Analysis},
  author = {Brown, Tom and H{\"o}rsch, Jonas and Schlachtberger, David},
  year = {2018},
  journal = {Journal of Open Research Software},
  volume = {6},
  publisher = {Ubiquity Press, Ltd.},
  doi = {10.5334/jors.188},
  file = {C:\Users\scl38887\Zotero\storage\4JMUSFE8\Brown2018b - PyPSA_ Python for Power System Analysis.pdf}
}

@article{Brown2018b,
  title = {Response to '{{Burden}} of Proof': {{A}} Comprehensive Review of the Feasibility of 100\% Renewable-Electricity Systems'},
  author = {Brown, Tom and {Bischof-Niemz}, Tobias and Blok, Kornelis and Breyer, Christian and Lund, Henrik and Mathiesen, Brian Vad},
  year = {2018},
  month = sep,
  journal = {Renewable \& Sustainable Energy Reviews},
  volume = {92},
  pages = {834--847},
  doi = {10.1016/j.rser.2018.04.113},
  abstract = {Abstract   A recent article `Burden of proof: A comprehensive review of the feasibility of 100\% renewable-electricity systems' claims that many studies of 100\% renewable electricity systems do not demonstrate sufficient technical feasibility, according to the criteria of the article's authors (henceforth `the authors'). Here we analyse the authors' methodology and find it problematic. The feasibility criteria chosen by the authors are important, but are also easily addressed at low economic cost, while not affecting the main conclusions of the reviewed studies and certainly not affecting their technical feasibility. A more thorough review reveals that all of the issues have already been addressed in the engineering and modelling literature. Nuclear power, which the authors have evaluated positively elsewhere, faces other, genuine feasibility problems, such as the finiteness of uranium resources and a reliance on unproven technologies in the medium- to long-term. Energy systems based on renewables, on the other hand, are not only feasible, but already economically viable and decreasing in cost every year.},
  annotation = {ARXIV\_ID: 1709.05716 MAG ID: 2755959065 S2ID: 5e91d086aefad784156d555db3572d022d078e13},
  file = {C:\Users\scl38887\Zotero\storage\DVPJIIYG\Brown2018 - Response to `Burden of Proof_ a Comprehensive Review of the Feasibility of 100% Renewable Electricity Systems'.pdf}
}

@article{Brown2018c,
  title = {Synergies of Sector Coupling and Transmission Reinforcement in a Cost-Optimised, Highly Renewable {{European}} Energy System},
  author = {Brown, T. and Schlachtberger, D. and Kies, A. and Schramm, S. and Greiner, M.},
  year = {2018},
  month = oct,
  journal = {Energy},
  volume = {160},
  pages = {720--739},
  publisher = {Elsevier BV},
  doi = {10.1016/j.energy.2018.06.222},
  file = {C:\Users\scl38887\Zotero\storage\27VE5IY4\Brown2018a - Synergies of Sector Coupling and Transmission Reinforcement in a Cost Optimised, Highly Renewable European Energy System.pdf}
}

@article{Brown2023,
  title = {Ultra-Long-Duration Energy Storage Anywhere: Methanol with Carbon Cycling},
  author = {Brown, Tom and Hampp, Johannes},
  year = {2023},
  journal = {Unpublished},
  file = {C:\Users\scl38887\Zotero\storage\2CDA2BD5\- Ultra Long Duration Energy Storage Anywhere_ Methanol with Carbon Cycling.pdf}
}

@misc{Buchhorn2020,
  title = {Copernicus Global Land Service: {{Land}} Cover 100m: Collection 3: Epoch 2018: {{Globe}}},
  author = {Buchhorn, Marcel and Smets, Bruno and Bertels, Luc and Roo, Bert De and Lesiv, Myroslava and Tsendbazar, Nandin-Erdene and Herold, Martin and Fritz, Steffen},
  year = {2020},
  publisher = {Zenodo},
  doi = {10.5281/ZENODO.3518038},
  copyright = {Creative Commons Attribution 4.0 International},
  langid = {english},
  keywords = {copernicus,earth,globe,Land cover,land use,PROBA-V,remote sensing,satellite}
}

@article{Caglayan2021,
  title = {Robust Design of a Future 100\% Renewable European Energy Supply System with Hydrogen Infrastructure},
  author = {Caglayan, Dilara Gulcin and Heinrichs, Heidi U. and Robinius, Martin and Stolten, Detlef},
  year = {2021},
  month = aug,
  journal = {International Journal of Hydrogen Energy},
  volume = {46},
  number = {57},
  pages = {29376--29390},
  publisher = {Elsevier BV},
  doi = {10.1016/j.ijhydene.2020.12.197}
}

@article{Caldera2016,
  title = {Local Cost of Seawater {{RO}} Desalination Based on Solar {{PV}} and Wind Energy: {{A}} Global Estimate},
  author = {Caldera, Upeksha and Bogdanov, Dmitrii and Breyer, Christian},
  year = {2016},
  month = may,
  journal = {Desalination},
  volume = {385},
  pages = {207--216},
  publisher = {Elsevier BV},
  doi = {10.1016/j.desal.2016.02.004},
  file = {C:\Users\scl38887\Zotero\storage\I83F3MMV\Caldera2016 - Local Cost of Seawater RO Desalination Based on Solar PV and Wind Energy_ a Global Estimate.pdf}
}

@incollection{Caldera2018,
  title = {Desalination Costs Using Renewable Energy Technologies},
  booktitle = {Renewable Energy Powered Desalination Handbook},
  author = {Caldera, Upeksha and Bogdanov, Dmitrii and Breyer, Christian},
  year = {2018},
  pages = {287--329},
  publisher = {Elsevier},
  doi = {10.1016/b978-0-12-815244-7.00008-8}
}

@article{Cannone2021,
  title = {Selected `{{Starter}} Kit' Energy System Modelling Data for Morocco (\#{{CCG}})},
  author = {Cannone, Carla and Allington, Lucy and Pappis, Ioannis and Barron, Karla Cervantes and Usher, Will and Pye, Steve and Brown, Edward and Howells, Mark and Walker, Miriam Zachau and Ahsan, Aniq and Charbonnier, Flora and Halloran, Claire and Hirmer, Stephanie and Taliotis, Constantinos and Sundin, Caroline and Sridha, Vignesh and Ramos, Eunice and Brinkerink, Maarten and Deane, Paul and Gritsevskyi, Andrii and Moura, Gustavo and Rouget, Arnaud and Wogan, David and Barcelona, Edito and Rogner, Holger},
  year = {2021},
  month = may,
  publisher = {Research Square Platform LLC},
  doi = {10.21203/rs.3.rs-480023/v2}
}

@misc{CAT2021,
  title = {Country Summary Morocco},
  author = {{Climate Action Tracker}},
  year = {2021},
  howpublished = {https://climateactiontracker.org/countries/morocco/}
}

@article{Cavana2021,
  title = {Solar Hydrogen from {{North Africa}} to {{Europe}} through Greenstream: {{A}} Simulation-Based Analysis of Blending Scenarios and Production Plant Sizing},
  author = {Cavana, Marco and Leone, Pierluigi},
  year = {2021},
  month = jun,
  journal = {International Journal of Hydrogen Energy},
  volume = {46},
  number = {43},
  pages = {22618--22637},
  publisher = {Elsevier BV},
  doi = {10.1016/j.ijhydene.2021.04.065}
}

@article{Chilvers2021,
  title = {A Systemic Approach to Mapping Participation with Low-Carbon Energy Transitions},
  author = {Chilvers, Jason and Bellamy, Rob and Pallett, Helen and Hargreaves, Tom},
  year = {2021},
  month = mar,
  journal = {Nature Energy},
  volume = {6},
  number = {3},
  pages = {250--259},
  publisher = {{Springer Science and Business Media LLC}},
  doi = {10.1038/s41560-020-00762-w}
}

@article{Collins2018,
  title = {Impacts of Inter-Annual Wind and Solar Variations on the European Power System},
  author = {Collins, Se{\'a}n and Deane, Paul and Gallach{\'o}ir, Brian {\'O} and Pfenninger, Stefan and Staffell, Iain},
  year = {2018},
  month = oct,
  journal = {Joule},
  volume = {2},
  number = {10},
  pages = {2076--2090},
  publisher = {Elsevier BV},
  doi = {10.1016/j.joule.2018.06.020},
  file = {C:\Users\scl38887\Zotero\storage\PUUVZCF5\Collins2018 - Impacts of Inter Annual Wind and Solar Variations on the European Power System.pdf}
}

@techreport{Commission2023,
  title = {Delegated Regulation on {{Union}} Methodology for {{RFNBOs}}},
  author = {European Commission},
  year = {2023},
  file = {C:\Users\scl38887\Zotero\storage\9I6HTUHU\Commission2023 - Delegated Regulation on Union Methodology for RFNBOs.pdf}
}

@phdthesis{Czisch2005,
  title = {Kostenoptimierte Variationen Zur Versorgung Europas Und Seiner Nachbarn Mit Strom Aus Erneuerbaren Energien},
  author = {Czisch, Gregor},
  year = {2005},
  school = {Universit{\"a}t Kassel},
  file = {C:\Users\scl38887\Zotero\storage\5K7669FP\Czisch2005 - Kostenoptimierte Variationen Zur VersorgungEuropas Und Seiner Nachbarn Mit Strom Auserneuerbaren Energien.pdf}
}

@article{Dagoumas2019,
  title = {Review of Models for Integrating Renewable Energy in the Generation Expansion Planning},
  author = {Dagoumas, Athanasios S. and Koltsaklis, Nikolaos E.},
  year = {2019},
  month = may,
  journal = {Applied Energy},
  volume = {242},
  pages = {1573--1587},
  publisher = {Elsevier BV},
  doi = {10.1016/j.apenergy.2019.03.194},
  file = {C:\Users\scl38887\Zotero\storage\GVG2X8CL\Dagoumas2019 - Review of Models for Integrating Renewable Energy in the Generation Expansion Planning.pdf}
}

@incollection{Dahl2017,
  title = {Infrastructure Estimates for a Highly Renewable Global Electricity Grid},
  booktitle = {New Horizons in Fundamental Physics},
  author = {Dahl, Magnus and Rodriguez, Rolando A. and S{\o}ndergaard, Anders A. and Zeyer, Timo and Andresen, Gorm B. and Greiner, Martin ``Walterson''},
  editor = {Schramm, Stefan and Sch{\"a}fer, Mirko},
  year = {2017},
  pages = {333--356},
  publisher = {Springer International Publishing},
  address = {Cham},
  doi = {10.1007/978-3-319-44165-8_25},
  abstract = {A global electricity grid may offer a number of advantages in a future highly renewable energy system dominated by wind and solar power. In this paper, we provide quantitative estimates for the benefits and costs of an intercontinental HVDC grid connecting a number of highly populated super regions in the Northern Hemisphere. The modeling is based on hourly time series of wind and solar power generation calculated from high-resolution global weather data using the Global Renewable Energy Atlas. Taking a European point of view, we find that the annual need for backup energy can be reduced from 18 to 10 \% of the load by connecting to North Africa, the Middle East and Russia. A further reduction to 7 \% is found for a grid spanning the whole Northern Hemisphere at the expense of substantial increase in transmission capacities. Comparing the economical benefits to the additional cost of intercontinental transmission lines, we estimate that connecting Europe to its geographically nearest neighbors may reduce the total cost of electricity. Longer distance connections to North America or Asia, on the other hand, would require transmission costs to fall to 15--20 \% of current levels.},
  isbn = {978-3-319-44165-8}
}

@techreport{Daiyan2021,
  title = {{{HySupply}} Cost Analysis Tool {{V1}}.0},
  author = {R. Daiyan, I. MacGill, M.H. Khan, A. Kuswara, P. Heywood, R. Amal},
  year = {2021},
  institution = {UNSW},
  file = {C:\Users\scl38887\Zotero\storage\74L7KAYK\Daiyan2021 - HySupply Cost Analysis Tool V1.0.pdf}
}

@book{Dasgupta2021,
  title = {Economics of Biodiversity: {{The}} Dasgupta Review -- Headline Messages},
  author = {Dasgupta, Partha},
  year = {2021},
  publisher = {HM Treasury},
  address = {United Kingdom},
  isbn = {978-1-911680-31-4},
  file = {C\:\\Users\\scl38887\\Zotero\\storage\\5WAJ3HHD\\Dasgupta2021 - Economics of Biodiversity _ the Dasgupta Review _ Headline Messages (1).pdf;C\:\\Users\\scl38887\\Zotero\\storage\\XLRLFHIZ\\Dasgupta2021 - Economics of Biodiversity _ the Dasgupta Review _ Headline Messages.pdf}
}

@misc{DEA2019TechnologyData,
  title = {Technology Data},
  author = {{Danish Energy Agency (DEA)}},
  year = {2019},
  howpublished = {https://ens.dk/en/our-services/projections-and-models/technology-data}
}

@article{DeCarolis2016,
  title = {Modelling to Generate Alternatives with an Energy System Optimization Model},
  author = {DeCarolis, J.F. and Babaee, S. and Li, B. and Kanungo, S.},
  year = {2016},
  month = may,
  journal = {Environmental Modelling \& Software},
  volume = {79},
  pages = {300--310},
  publisher = {Elsevier BV},
  doi = {10.1016/j.envsoft.2015.11.019}
}

@article{deGraaf2020,
  title = {The New Oil? {{The}} Geopolitics and International Governance of Hydrogen},
  author = {{de Graaf}, Thijs Van and Overland, Indra and Scholten, Daniel and Westphal, Kirsten},
  year = {2020},
  month = dec,
  journal = {Energy Research \& Social Science},
  volume = {70},
  pages = {101667},
  publisher = {Elsevier BV},
  doi = {10.1016/j.erss.2020.101667},
  file = {C:\Users\scl38887\Zotero\storage\B9J3D9YA\Graaf2020 - The New Oil_ the Geopolitics and International Governance of Hydrogen.pdf}
}

@article{DehlerHolland2021,
  title = {Assessing Technology Legitimacy with Topic Models and Sentiment Analysis -- {{The}} Case of Wind Power in {{Germany}}},
  author = {{Dehler-Holland}, Joris and Okoh, Marvin and Keles, Dogan},
  year = {2021},
  month = nov,
  journal = {Technological Forecasting and Social Change},
  pages = {121354},
  publisher = {Elsevier BV},
  doi = {10.1016/j.techfore.2021.121354},
  file = {C:\Users\scl38887\Zotero\storage\A87AZ93B\DehlerHolland2021 - Assessing Technology Legitimacy with Topic Models and Sentiment Analysis _ the Case of Wind Power in Germany.pdf}
}

@article{Deng2023,
  title = {Harmonized and Open Energy Dataset for Modeling a Highly Renewable Brazilian Power System},
  author = {Deng, Ying and Cao, Karl-Ki{\^e}n and Hu, Wenxuan and Stegen, Ronald and {von Krbek}, Kai and Soria, Rafael and Rochedo, Pedro Rua Rodriguez and Jochem, Patrick},
  year = {2023},
  month = feb,
  journal = {Scientific Data},
  volume = {10},
  number = {1},
  publisher = {{Springer Science and Business Media LLC}},
  doi = {10.1038/s41597-023-01992-9},
  file = {C:\Users\scl38887\Zotero\storage\8J8FHDKX\Deng2023 - Harmonized and Open Energy Dataset for Modeling a Highly Renewable Brazilian Power System.pdf}
}

@misc{DGFE2020,
  title = {Database of the {{European}} Energy Storage Technologies and Facilities},
  author = {{Directorate-General For Energy}},
  year = {2020},
  publisher = {Publications Office},
  doi = {10.2906/101110101114/1},
  langid = {english},
  keywords = {data collection,electrical energy,electricity supply,Energy,energy law,energy policy,energy storage,energy supply,energy technology,EU market,EU Member State,EU study report,industrial infrastructure,report,security of supply,study},
  file = {C\:\\Users\\scl38887\\Zotero\\storage\\N6GTSQG2\\DGFE2020 - Database of the European Energy Storage Technologies and Facilities.pdf;C\:\\Users\\scl38887\\Zotero\\storage\\VP877GY6\\DGFE2020 - Database of the European Energy Storage Technologies and Facilities.xlsx}
}

@article{Dharshing2017,
  title = {Household Dynamics of Technology Adoption: {{A}} Spatial Econometric Analysis of Residential Solar Photovoltaic ({{PV}}) Systems in {{Germany}}},
  author = {Dharshing, Samdruk},
  year = {2017},
  month = jan,
  journal = {Energy Research \& Social Science},
  volume = {23},
  pages = {113--124},
  publisher = {Elsevier BV},
  doi = {10.1016/j.erss.2016.10.012},
  file = {C:\Users\scl38887\Zotero\storage\SZJKXDII\Dharshing2017 - Household Dynamics of Technology Adoption_ a Spatial Econometric Analysis of Residential Solar Photovoltaic (PV) Systems in Germany.pdf}
}

@techreport{DLR2016,
  title = {Energiesystemmodell {{REMix}}},
  author = {{DLR Systemanalyse und Technikbewertung}},
  year = {2016},
  institution = {DLR Systemanalyse und Technikbewertung},
  file = {C:\Users\scl38887\Zotero\storage\NQXDSASM\DLR2016 - Energiesystemmodell REMix.pdf}
}

@article{DWDDatensatz,
  title = {High-Resolution Grids of Hourly Meteorological Variables for {{Germany}}},
  author = {Kr{\"a}henmann, S and Walter, A and Brienen, S and Imbery, F and Matzarakis, A},
  year = {2016},
  journal = {Theoretical and Applied Climatology},
  pages = {1--28},
  publisher = {Springer},
  address = {Offenbach},
  ranking = {rank4},
  keywords = {KeywordTest}
}

@inproceedings{Ebner2019,
  title = {Regionalized Potential Assessment of Variable Renewable Energy Sources in Europe},
  booktitle = {2019 16th International Conference on the European Energy Market ({{EEM}})},
  author = {Ebner, Michael and Fiedler, Claudia and Jetter, Fabian and Schmid, Tobias},
  year = {2019},
  month = sep,
  publisher = {IEEE},
  doi = {10.1109/eem.2019.8916317},
  ranking = {rank4},
  file = {C:\Users\scl38887\Zotero\storage\UTZBRG93\Ebner2019 - Regionalized Potential Assessment of Variable Renewable Energy Sources in Europe.pdf}
}

@techreport{Edenhofer2019,
  title = {Optionen F{\"u}r Eine {{CO2-Preisreform}}. {{MCC-PIK-Expertise}} F{\"u}r Den Sachverst{\"a}ndigenrat Zur Begutachtung Der Gesamtwirtschaftlichen Entwicklung.},
  author = {Edenhofer, Ottmar and Flachsland, Christian and Kalkuhl, Matthias and Knopf, Brigitte and Pahle, Michael},
  year = {2019},
  institution = {{Mercator Research Institute on Global Commons and Climate Change (MCC) gGmbH}},
  file = {C:\Users\scl38887\Zotero\storage\CD8J3ZPJ\Edenhofer2019 - Optionen Für Eine CO2 Preisreform. MCC PIK Expertise Für Den Sachverständigenrat Zur Begutachtung Der Gesamtwirtschaftlichen Entwicklung..pdf}
}

@techreport{Eichhammer2019,
  title = {Study on the Opportunities of "{{Power-to-X}}" in {{Morocco}}. 10 Hypotheses for Discussion},
  author = {Eichhammer, Wolfgang and Oberle, Stella and H{\"a}ndel, Michael and Boie, Inga and Gnann, Till and Wietschel, Martin and Lux, Benjamin},
  year = {2019},
  institution = {Fraunhofer ISI},
  priority = {prio1},
  ranking = {rank5},
  file = {C:\Users\scl38887\Zotero\storage\2WW223S3\Eichhammer2019 - STUDY oN tHE OPPORTUNITIES OF_POWER tO X_ iN MOROCCO10 HYPOTHESES fOR DISCUSSION.pdf}
}

@article{Emonts2019,
  title = {Flexible Sector Coupling with Hydrogen: {{A}} Climate-Friendly Fuel Supply for Road Transport},
  author = {Emonts, Bernd and Reu{\ss}, Markus and Stenzel, Peter and Welder, Lara and Knicker, Felix and Grube, Thomas and G{\"o}rner, Klaus and Robinius, Martin and Stolten, Detlef},
  year = {2019},
  month = may,
  journal = {International Journal of Hydrogen Energy},
  volume = {44},
  number = {26},
  pages = {12918--12930},
  publisher = {Elsevier BV},
  doi = {10.1016/j.ijhydene.2019.03.183},
  ranking = {rank5}
}

@book{Energy.2021,
  title = {{{METIS}} Study on Costs and Benefits of a Pan-{{European}} Hydrogen Infrastructure: In Assistance to the Impact Assessment for Designing a Regulatory Framework for Hydrogen : {{METIS}} 3, {{Study S3}}.},
  author = {for Energy., European Commission. Directorate General},
  year = {2021},
  publisher = {Publications Office},
  address = {LU},
  doi = {10.2833/736971}
}

@techreport{ENTSOE2022,
  title = {{{ENTSO-E}} Transmission System Map},
  author = {{ENTSO-E}},
  year = {2022}
}

@techreport{Ersoy2022,
  title = {Synthese Der {{Kurzstudien}} F{\"u}r {{Jordanien}}, {{Marokko}} Und {{Oman}}. {{MENA-Fuels}}:{{Teilbericht}} 11},
  author = {Ersoy, Sibel Raquel and {Terrapon-Pfaff}, Julia and Viebahn, Peter and Pregger, Thomas and Braun, Josua},
  year = {2022},
  institution = {Wuppertal Institut, Deutschen Zentrum f{\"u}r Luft- und Raumfahrt (DLR)},
  file = {C:\Users\scl38887\Zotero\storage\YJINEMSB\Ersoy2022 - Synthese Der Kurzstudien Für Jordanien, Marokko Und Oman. MENA Fuels_Teilbericht 11.pdf}
}

@article{Espegren2021,
  title = {The Role of Hydrogen in the Transition from a Petroleum Economy to a Low-Carbon Society},
  author = {Espegren, Kari and Damman, Sigrid and Pisciella, Paolo and Graabak, Ingeborg and Tomasgard, Asgeir},
  year = {2021},
  month = jul,
  journal = {International Journal of Hydrogen Energy},
  volume = {46},
  number = {45},
  pages = {23125--23138},
  publisher = {Elsevier BV},
  doi = {10.1016/j.ijhydene.2021.04.143}
}

@techreport{EUcom2020,
  title = {A Hydrogen Strategy for a Climate-Neutral {{Europe}}},
  author = {COMMISSION, {\relax EUROPEAN}},
  year = {2020},
  address = {Brussels},
  file = {C:\Users\scl38887\Zotero\storage\6YDUMUF4\EUcom2020 -.pdf}
}

@misc{Evans2016,
  title = {Mapped: {{The}} Global Coal Trade},
  author = {Evans, Simon and Pearce, Rosamund},
  year = {2016},
  file = {C:\Users\scl38887\Zotero\storage\RR85E7IY\coal-trade-around-the-world-1.jpg}
}

@article{Finke2023,
  title = {Implementing a Highly Adaptable Method for the Multi-Objective Optimisation of Energy Systems},
  author = {Finke, Jonas and Bertsch, Valentin},
  year = {2023},
  month = feb,
  journal = {Applied Energy},
  volume = {332},
  pages = {120521},
  publisher = {Elsevier BV},
  doi = {10.1016/j.apenergy.2022.120521},
  file = {C:\Users\scl38887\Zotero\storage\A5NQQB7B\Finke2023 - Implementing a Highly Adaptable Method for the Multi Objective Optimisation of Energy Systems.pdf}
}

@misc{FioritiParzen,
  title = {Country-Wise Open Energy Planning Inhigh-Resolution with {{PyPSA-Earth}}},
  author = {Fioriti, Parzen, ..., Schumm},
  file = {C:\Users\scl38887\Zotero\storage\VWA4GW4X\- Country Wise Open Energy Planning Inhigh Resolution with PyPSA Earth.pdf}
}

@techreport{FISE2020,
  title = {Wege Zu Einem Klimaneutralen Energiesystem. {{Die}} Deutsche Energiewende Im Kontext Gesellschaftlicher Verhaltensweisen},
  author = {Philip Sterchele, Julian Brandes, Daniel Wrede, Christoph Kost, Thomas Schlegl, Andreas Bett, Hans-Martin Henning, Judith Heilig},
  year = {2020},
  address = {Freiburg},
  institution = {Fraunhofer-Institut f{\"u}r Solare Energiesysteme ISE},
  file = {C:\Users\scl38887\Zotero\storage\GFK8VXC2\FISE2020 - Wege Zu Einem Klimaneutralen Energiesystem. Die Deutsche Energiewende Im Kontext Gesellschaftlicher Verhaltensweisen.pdf}
}

@article{Friedlingstein2020,
  title = {Global Carbon Budget 2020},
  author = {Friedlingstein, Pierre and OSullivan, Michael and Jones, Matthew W. and Andrew, Robbie M. and Hauck, Judith and Olsen, Are and Peters, Glen P. and Peters, Wouter and Pongratz, Julia and Sitch, Stephen and Qu{\'e}r{\'e}, Corinne Le and Canadell, Josep G. and Ciais, Philippe and Jackson, Robert B. and Alin, Simone and Arag{\~a}o, Luiz E. O. C. and Arneth, Almut and Arora, Vivek and Bates, Nicholas R. and Becker, Meike and {Benoit-Cattin}, Alice and Bittig, Henry C. and Bopp, Laurent and Bultan, Selma and Chandra, Naveen and Chevallier, Fr{\'e}d{\'e}ric and Chini, Louise P. and Evans, Wiley and Florentie, Liesbeth and Forster, Piers M. and Gasser, Thomas and Gehlen, Marion and Gilfillan, Dennis and Gkritzalis, Thanos and Gregor, Luke and Gruber, Nicolas and Harris, Ian and Hartung, Kerstin and Haverd, Vanessa and Houghton, Richard A. and Ilyina, Tatiana and Jain, Atul K. and Joetzjer, Emilie and Kadono, Koji and Kato, Etsushi and Kitidis, Vassilis and Korsbakken, Jan Ivar and Landsch{\"u}tzer, Peter and Lef{\`e}vre, Nathalie and Lenton, Andrew and Lienert, Sebastian and Liu, Zhu and Lombardozzi, Danica and Marland, Gregg and Metzl, Nicolas and Munro, David R. and Nabel, Julia E. M. S. and Nakaoka, Shin-Ichiro and Niwa, Yosuke and OBrien, Kevin and Ono, Tsuneo and Palmer, Paul I. and Pierrot, Denis and Poulter, Benjamin and Resplandy, Laure and Robertson, Eddy and R{\"o}denbeck, Christian and Schwinger, J{\"o}rg and S{\'e}f{\'e}rian, Roland and Skjelvan, Ingunn and Smith, Adam J. P. and Sutton, Adrienne J. and Tanhua, Toste and Tans, Pieter P. and Tian, Hanqin and Tilbrook, Bronte and {van der Werf}, Guido and Vuichard, Nicolas and Walker, Anthony P. and Wanninkhof, Rik and Watson, Andrew J. and Willis, David and Wiltshire, Andrew J. and Yuan, Wenping and Yue, Xu and Zaehle, S{\"o}nke},
  year = {2020},
  month = dec,
  journal = {Earth System Science Data},
  volume = {12},
  number = {4},
  pages = {3269--3340},
  publisher = {Copernicus GmbH},
  doi = {10.5194/essd-12-3269-2020},
  priority = {prio1},
  file = {C:\Users\scl38887\Zotero\storage\HAESHINK\Friedlingstein2020 - Global Carbon Budget 2020.pdf}
}

@article{Frysztacki2021,
  title = {The Strong Effect of Network Resolution on Electricity System Models with High Shares of Wind and Solar},
  author = {Frysztacki, Martha Maria and H{\"o}rsch, Jonas and Hagenmeyer, Veit and Brown, Tom},
  year = {2021},
  month = jun,
  volume = {291},
  pages = {116726},
  publisher = {Elsevier BV},
  doi = {10.1016/j.apenergy.2021.116726},
  file = {C:\Users\scl38887\Zotero\storage\MZKYC2MN\Frysztacki2021 - The Strong Effect of Network Resolution on Electricity System Models with High Shares of Wind and Solar.pdf}
}

@misc{Frysztacki2022,
  title = {Inverse Methods: {{How}} Feasible Are Spatially Low-Resolved Capacity Expansion Modeling Results When Dis-Aggregated at High Resolution?},
  author = {Frysztacki, Martha Maria and Hagenmeyer, Veit and Brown, Tom},
  year = {2022},
  publisher = {arXiv},
  doi = {10.48550/ARXIV.2209.02364},
  copyright = {Creative Commons Attribution 4.0 International},
  keywords = {and Science (cs.CE),Computational Engineering,Finance,FOS: Computer and information sciences},
  file = {C:\Users\scl38887\Zotero\storage\EMINFTMV\Frysztacki2022 - Inverse Methods_ How Feasible Are Spatially Low Resolved Capacity Expansion Modeling Results When Dis Aggregated at High Resolution_.pdf}
}

@techreport{gaetemorales2021open,
  title = {An Open Tool for Creating Battery-Electric Vehicle Time Series from Empirical Data -- Emobpy},
  author = {{Gaete-Morales}, Carlos and Kramer, Hendrik and Schill, Wolf-Peter and Zerrahn, Alexander},
  year = {2021},
  eprint = {2005.02765},
  primaryclass = {physics.soc-ph},
  archiveprefix = {arxiv},
  file = {C\:\\Users\\scl38887\\Zotero\\storage\\PPSDFTVR\\22_C2_Schill_Poster.pdf;C\:\\Users\\scl38887\\Zotero\\storage\\VMJU3PSU\\gaetemorales2021open - An Open Tool for Creating Battery Electric Vehicle Time Series from Empirical Data Emobpy.pdf}
}

@article{Galimova2023,
  title = {Impact of International Transportation Chains on Cost of Green E-Hydrogen: {{Global}} Cost of Hydrogen and Consequences for {{Germany}} and {{Finland}}},
  author = {Galimova, Tansu and Fasihi, Mahdi and Bogdanov, Dmitrii and Breyer, Christian},
  year = {2023},
  month = oct,
  journal = {Applied Energy},
  volume = {347},
  pages = {121369},
  publisher = {Elsevier BV},
  doi = {10.1016/j.apenergy.2023.121369},
  file = {C:\Users\scl38887\Zotero\storage\T7NEVMSU\Galimova2023 - Impact of International Transportation Chains on Cost of Green E Hydrogen_ Global Cost of Hydrogen and Consequences for Germany and Finland.pdf}
}

@misc{GEBCOCompilationGroup2022,
  title = {{{GEBCO}} 2022 Grid},
  author = {{GEBCO Compilation Group}},
  year = {2022},
  doi = {10.5285/e0f0bb80-ab44-2739-e053-6c86abc0289c}
}

@techreport{GEM2021,
  title = {Boom and {{Bust}} 2021. {{TRACKING THE GLOBAL COAL PLANT PIPELINE}}},
  author = {Global Energy Monitor},
  year = {2021},
  institution = {Global Energy Monitor, Sierra Club, CREA, Climate Risk Horizons, GreenID, Ekosfer}
}

@misc{GEM2023,
  title = {Tendrara {{LNG Terminal}}},
  author = {Global Energy Monitor},
  year = {2023},
  file = {C\:\\Users\\scl38887\\Zotero\\storage\\22DY67MH\\Tendrara_LNG_Terminal.html;C\:\\Users\\scl38887\\Zotero\\storage\\V3NGRZP3\\Tendrara_LNG_Terminal.html}
}

@misc{GEM2023a,
  title = {Maghreb-{{Europe Gas Pipeline}}},
  author = {Global Energy Monitor},
  year = {2023}
}

@misc{GEM2023b,
  title = {Nigeria-{{Morocco Gas Pipeline}}},
  author = {Global Energy Monitor},
  year = {2023},
  howpublished = {https://www.gem.wiki/Nigeria-Morocco\_Gas\_Pipeline}
}

@techreport{Gerhardt2020,
  title = {{{WASSERSTOFF IM ZUK{\"U}NFTIGENENERGIESYSTEM}}:{{FOKUS GEB{\"A}UDEW{\"A}RME}}. {{Studie}} Zum Einsatz von {{H2}} Im Zuk{\"u}nftigen Energiesystem Unter Besonderer Ber{\"u}cksichtigung Der Geb{\"a}udew{\"a}rmeversorgung},
  author = {Norman Gerhardt, Jochen Bard, Michael Beil, Maximilian Pfennig, Tanja Kneiske, Richard Schmitz},
  year = {2020},
  institution = {Fraunhofer-Institut f{\"u}r Energiewirtschaft und Energiesystemtechnik IEE},
  file = {C:\Users\scl38887\Zotero\storage\DLCWII3S\Gerhardt2020 - WASSERSTOFF IM ZUKÜNFTIGENENERGIESYSTEM_FOKUS GEBÄUDEWÄRME. Studie Zum Einsatz Von H2 Im Zukünftigen Energiesystem Unter Besonderer Berücksichtigung Der Gebäudewärmeversorgung.pdf}
}

@techreport{GGBP2014,
  title = {The Moroccan Agency for Solar Energy and the Moroccan Solar Plan},
  author = {{GGBP}},
  year = {2014},
  institution = {Green Growth Best Practice}
}

@article{Gignac2015,
  title = {Allocating a 2 {$^\circ$}{{C}} Cumulative Carbon Budget to Countries},
  author = {Gignac, Renaud and Matthews, H Damon},
  year = {2015},
  month = jul,
  journal = {Environmental Research Letters},
  volume = {10},
  number = {7},
  pages = {075004},
  publisher = {IOP Publishing},
  doi = {10.1088/1748-9326/10/7/075004},
  file = {C:\Users\scl38887\Zotero\storage\UL7K7HYB\Gignac2015 - Allocating a 2 _C Cumulative Carbon Budget to Countries.pdf}
}

@article{GimenezGomez2016,
  title = {The Global Carbon Budget: A Conflicting Claims Problem},
  author = {{Gim{\'e}nez-G{\'o}mez}, Jos{\'e}-Manuel and {Teixid{\'o}-Figueras}, Jordi and Vilella, Cori},
  year = {2016},
  month = mar,
  journal = {Climatic Change},
  volume = {136},
  number = {3-4},
  pages = {693--703},
  publisher = {{Springer Science and Business Media LLC}},
  doi = {10.1007/s10584-016-1633-1},
  file = {C:\Users\scl38887\Zotero\storage\FVU5EB97\GimenezGomez2016 - The Global Carbon Budget_ a Conflicting Claims Problem.pdf}
}

@article{Girard2021,
  title = {Comparing Regulatory Designs for the Transmission of Offshore Wind Energy},
  author = {Girard, Yann and Kemfert, Claudia and Stoll, Julius},
  year = {2021},
  month = jan,
  volume = {10},
  number = {1},
  publisher = {International Association for Energy Economics (IAEE)},
  doi = {10.5547/2160-5890.10.1.ygir}
}

@misc{GlobalEnergyMonitor,
  title = {Global Energy Monitor Wiki},
  author = {Global Energy Monitor},
  year = {2024},
  howpublished = {https://www.gem.wiki/Main\_Page}
}

@article{Goeke2022,
  title = {Planning Macro-Energy Systems with Multiple Climatic Years - {{Aquadratic}} Trust-Region Approach for {{Benders}} Decomposition},
  author = {G{\"o}ke, Leonard and Kendziorski, Mario and Schmidtb, Felix},
  year = {2022},
  file = {C:\Users\scl38887\Zotero\storage\Q76DC93G\Goeke2022 - Planning Macro Energy Systems with Multiple Climatic Years Aquadratic Trust Region Approach for Benders Decomposition.pdf}
}

@article{Goeke2023,
  title = {A Collective Blueprint, Not a Crystal Ball: {{How}} Expectations and Participation Shape Long-Term Energy Scenarios},
  author = {G{\"o}ke, Leonard and Weibezahn, Jens and {von Hirschhausen}, Christian},
  year = {2023},
  month = mar,
  journal = {Energy Research \&amp Social Science},
  volume = {97},
  pages = {102957},
  publisher = {Elsevier BV},
  doi = {10.1016/j.erss.2023.102957},
  file = {C:\Users\scl38887\Zotero\storage\JPWXXB9Z\Goeke2023 - A Collective Blueprint, Not a Crystal Ball_ How Expectations and Participation Shape Long Term Energy Scenarios.pdf}
}

@book{Goepel2020,
  title = {Unsere Welt Neu Denken},
  author = {G{\"o}pel, Maja},
  year = {2020},
  month = feb,
  publisher = {Ullstein Verlag GmbH},
  ean = {9783550200793},
  isbn = {3-550-20079-X}
}

@article{Gong2022,
  title = {Bidirectional Coupling of a Long-Term Integrated Assessment Model {{REMIND}} v3.0.0 with an Hourly Power Sector Model {{DIETER}} v1.0.2},
  author = {Gong, Chen Chris and Ueckerdt, Falko and Pietzcker, Robert and Odenweller, Adrian and Schill, Wolf-Peter and Kittel, Martin and Luderer, Gunnar},
  year = {2022},
  month = oct,
  publisher = {Copernicus GmbH},
  doi = {10.5194/egusphere-2022-885},
  file = {C:\Users\scl38887\Zotero\storage\4JPJ462I\Gong2022 - Bidirectional Coupling of a Long Term Integrated Assessment Model REMIND V3.0.0 with an Hourly Power Sector Model DIETER V1.0.2.pdf}
}

@article{Gong2023,
  title = {Bidirectional Coupling of the Long-Term Integrated Assessment Model {{REgional Model}} of {{INvestments}} and {{Development}} ({{REMIND}}) v3.0.0 with the Hourly Power Sector Model {{Dispatch}} and {{Investment Evaluation Tool}} with {{Endogenous Renewables}} ({{DIETER}}) v1.0.2},
  author = {Gong, Chen Chris and Ueckerdt, Falko and Pietzcker, Robert and Odenweller, Adrian and Schill, Wolf-Peter and Kittel, Martin and Luderer, Gunnar},
  year = {2023},
  month = aug,
  journal = {Geoscientific Model Development},
  volume = {16},
  number = {17},
  pages = {4977--5033},
  publisher = {Copernicus GmbH},
  doi = {10.5194/gmd-16-4977-2023}
}

@techreport{GovernmentMorocco2016,
  title = {Morocco -- Nationally Determined Contribution to the {{UNFCCC}}},
  author = {{Government of Morocco}},
  year = {2016},
  institution = {United Nations Framework Convention on Climate Change},
  file = {C:\Users\scl38887\Zotero\storage\BQSTSYQK\UNFCCC2016 - Morocco – Nationally Determined Contribution to the UNFCCC.pdf}
}

@misc{Grochowicz2023,
  title = {A New Method for Identifying Weather-Induced Power System Stress Using Shadow Prices},
  author = {Grochowicz, Aleksander and {van Greevenbroek}, Koen and Bloomfield, Hannah C.},
  year = {2023},
  publisher = {arXiv},
  doi = {10.48550/ARXIV.2307.13520},
  copyright = {Creative Commons Attribution 4.0 International},
  keywords = {electronic engineering,FOS: Electrical engineering,FOS: Physical sciences,information engineering,Physics and Society (physics.soc-ph),Systems and Control (eess.SY)},
  file = {C:\Users\scl38887\Zotero\storage\IZQRAX5V\Grochowicz2023 - A New Method for Identifying Weather Induced Power System Stress Using Shadow Prices.pdf}
}

@article{Groissboeck2019,
  title = {Are Open Source Energy System Optimization Tools Mature Enough for Serious Use?},
  author = {Groissb{\"o}ck, Markus},
  year = {2019},
  month = mar,
  journal = {Renewable and Sustainable Energy Reviews},
  volume = {102},
  pages = {234--248},
  publisher = {Elsevier BV},
  doi = {10.1016/j.rser.2018.11.020},
  file = {C:\Users\scl38887\Zotero\storage\LPFC2D5H\Groissboeck2019 - Are Open Source Energy System Optimization Tools Mature Enough for Serious Use_.pdf}
}

@article{Haas2022,
  title = {Revisiting the Potential of Pumped-Hydro Energy Storage: {{A}} Method to Detect Economically Attractive Sites},
  author = {Haas, Jannik and {Prieto-Miranda}, Luis and Ghorbani, Narges and Breyer, Christian},
  year = {2022},
  month = jan,
  journal = {Renewable Energy},
  volume = {181},
  pages = {182--193},
  publisher = {Elsevier BV},
  doi = {10.1016/j.renene.2021.09.009},
  readstatus = {skimmed},
  file = {C:\Users\scl38887\Zotero\storage\YPMIQGJI\Haas2022 - Revisiting the Potential of Pumped Hydro Energy Storage_ a Method to Detect Economically Attractive Sites.pdf}
}

@article{Hajek2021,
  title = {Ein Cent Je Kilowattstunde? {{Echt}} Jetzt?},
  author = {Hajek, Stefan},
  year = {2021},
  journal = {WirtschaftsWoche},
  file = {C:\Users\scl38887\Zotero\storage\EQXH882B\Hajek2021 - Ein Cent Je Kilowattstunde_ Echt Jetzt_.pdf}
}

@article{Hall2016,
  title = {A Review of Energy Systems Models in the {{UK}}: {{Prevalent}} Usage and Categorisation},
  author = {Hall, Lisa M.H. and Buckley, Alastair R.},
  year = {2016},
  month = may,
  journal = {Applied Energy},
  volume = {169},
  pages = {607--628},
  publisher = {Elsevier BV},
  doi = {10.1016/j.apenergy.2016.02.044},
  file = {C:\Users\scl38887\Zotero\storage\9P2ZXAEX\Hall2016 - A Review of Energy Systems Models in the UK_ Prevalent Usage and Categorisation.pdf}
}

@article{Hampp2021,
  title = {Import Options for Chemical Energy Carriers from Renewable Sources to {{Germany}}},
  author = {Hampp, Johannes and D{\"u}ren, Michael and Brown, Tom},
  year = {2021},
  journal = {(Preprint)},
  file = {C:\Users\scl38887\Zotero\storage\5WK9M39B\- Import Options for Chemical Energy Carriers from Renewable Sources to Germany.pdf}
}

@article{Hanger2016,
  title = {Community Acceptance of Large-Scale Solar Energy Installations in Developing Countries: {{Evidence}} from {{Morocco}}},
  author = {Hanger, Susanne and Komendantova, Nadejda and Schinke, Boris and Zejli, Driss and Ihlal, Ahmed and Patt, Anthony},
  year = {2016},
  month = apr,
  journal = {Energy Research \& Social Science},
  volume = {14},
  pages = {80--89},
  publisher = {Elsevier BV},
  doi = {10.1016/j.erss.2016.01.010}
}

@article{Hank2020,
  title = {Energy Efficiency and Economic Assessment of Imported Energy Carriers Based on Renewable Electricity},
  author = {Hank, Christoph and Sternberg, Andr{\'e} and K{\"o}ppel, Nikolas and Holst, Marius and Smolinka, Tom and Schaadt, Achim and Hebling, Christopher and Henning, Hans-Martin},
  year = {2020},
  journal = {Sustainable Energy \& Fuels},
  volume = {4},
  number = {5},
  pages = {2256--2273},
  publisher = {Royal Society of Chemistry (RSC)},
  doi = {10.1039/d0se00067a},
  file = {C:\Users\scl38887\Zotero\storage\NN64QG2G\Hank2020 - Energy Efficiency and Economic Assessment of Imported Energy Carriers Based on Renewable Electricity.pdf}
}

@article{Hasager2017,
  title = {Wind Farm Wake: {{The}} 2016 Horns Rev Photo Case},
  author = {Hasager, Charlotte and Nygaard, Nicolai and Volker, Patrick and Karagali, Ioanna and Andersen, S{\o}ren and Badger, Jake},
  year = {2017},
  month = mar,
  journal = {Energies},
  volume = {10},
  number = {3},
  pages = {317},
  publisher = {MDPI AG},
  doi = {10.3390/en10030317},
  file = {C:\Users\scl38887\Zotero\storage\EE37TDAJ\Hasager2017 - Wind Farm Wake_ the 2016 Horns Rev Photo Case.pdf}
}

@techreport{Heaps2022,
  title = {{{LEAP}}: {{The}} Low Emissions Analysis Platform.},
  author = {Heaps, C.G.},
  year = {2022},
  address = {Somerville, MA, USA},
  institution = {Stockholm Environment Institute}
}

@article{Heard2017,
  title = {Burden of Proof: {{A}} Comprehensive Review of the Feasibility of 100\% Renewable-Electricity Systems},
  author = {Heard, B.P. and Brook, B.W. and Wigley, T.M.L. and Bradshaw, C.J.A.},
  year = {2017},
  month = sep,
  journal = {Renewable and Sustainable Energy Reviews},
  volume = {76},
  pages = {1122--1133},
  publisher = {Elsevier BV},
  doi = {10.1016/j.rser.2017.03.114},
  file = {C:\Users\scl38887\Zotero\storage\HJGZNX52\Heard2017 - Burden of Proof_ a Comprehensive Review of the Feasibility of 100% Renewable Electricity Systems.pdf}
}

@techreport{Hebling2019,
  title = {Eine Wasserstoff-Roadmap F{\"u}r Deutschland},
  author = {Hebling, C. and Ragwitz, M. and Fleiter, T. and Groos, U. and H{\"a}rle, D. and Held, A. and Jahn, M. and M{\"u}ller, N. and Pfeifer, T. and Pl{\"o}tz, P. and Ranzmeyer, O. and Schaadt, A. and Sensfu{\ss}, F. and Smolinka, T. and Wietschel, M.},
  year = {2019},
  address = {Karlsruhe, Freiburg},
  institution = {Fraunhofer-Institut f{\"u}r System- und Innovationsforschung ISI, Fraunhofer-Institut f{\"u}r Solare Energiesysteme ISE},
  ranking = {rank5},
  file = {C:\Users\scl38887\Zotero\storage\F5C6D4ZZ\Hebling2019 - Eine Wasserstoff Roadmapfür Deutschland�.pdf}
}

@article{Hersbach2020,
  title = {The {{ERA5}} Global Reanalysis},
  author = {Hersbach, Hans and Bell, Bill and Berrisford, Paul and Hirahara, Shoji and Hor{\'a}nyi, Andr{\'a}s and {Mu{\~n}oz-Sabater}, Joaqu{\'i}n and Nicolas, Julien and Peubey, Carole and Radu, Raluca and Schepers, Dinand and Simmons, Adrian and Soci, Cornel and Abdalla, Saleh and Abellan, Xavier and Balsamo, Gianpaolo and Bechtold, Peter and Biavati, Gionata and Bidlot, Jean and Bonavita, Massimo and Chiara, Giovanna and Dahlgren, Per and Dee, Dick and Diamantakis, Michail and Dragani, Rossana and Flemming, Johannes and Forbes, Richard and Fuentes, Manuel and Geer, Alan and Haimberger, Leo and Healy, Sean and Hogan, Robin J. and H{\'o}lm, El{\'i}as and Janiskov{\'a}, Marta and Keeley, Sarah and Laloyaux, Patrick and Lopez, Philippe and Lupu, Cristina and Radnoti, Gabor and Rosnay, Patricia and Rozum, Iryna and Vamborg, Freja and Villaume, Sebastien and Th{\'e}paut, Jean-No{\"e}l},
  year = {2020},
  month = jun,
  journal = {Quarterly Journal of the Royal Meteorological Society},
  volume = {146},
  number = {730},
  pages = {1999--2049},
  publisher = {Wiley},
  doi = {10.1002/qj.3803}
}

@article{Hofmann2021,
  title = {Atlite: {{A}} Lightweight Python Package for Calculating Renewable Power Potentials and Time Series},
  author = {Hofmann, Fabian and Hampp, Johannes and Neumann, Fabian and Brown, Tom and H{\"o}rsch, Jonas},
  year = {2021},
  month = jun,
  journal = {Journal of Open Source Software},
  volume = {6},
  number = {62},
  pages = {3294},
  publisher = {The Open Journal},
  doi = {10.21105/joss.03294},
  file = {C:\Users\scl38887\Zotero\storage\2PCECLTU\Hofmann2021 - Atlite_ a Lightweight Python Package for Calculating Renewable Power Potentials and Time Series.pdf}
}

@article{Hofrichter2023,
  title = {Determination of the Optimal Power Ratio between Electrolysis and Renewable Energy to Investigate the Effects on the Hydrogen Production Costs},
  author = {Hofrichter, Andreas and Rank, Daniel and Heberl, Michael and Sterner, Michael},
  year = {2023},
  month = jan,
  journal = {International Journal of Hydrogen Energy},
  volume = {48},
  number = {5},
  pages = {1651--1663},
  publisher = {Elsevier BV},
  doi = {10.1016/j.ijhydene.2022.09.263},
  file = {C:\Users\scl38887\Zotero\storage\UWYILTM3\Hofrichter2023 - Determination of the Optimal Power Ratio between Electrolysis and Renewable Energy to Investigate the Effects on the Hydrogen Production Costs.pdf}
}

@article{Horsch2018,
  title = {{{PyPSA-Eur}}: {{An}} Open Optimisation Model of the {{European}} Transmission System},
  author = {H{\"o}rsch, Jonas and Hofmann, Fabian and Schlachtberger, David and Brown, Tom},
  year = {2018},
  month = nov,
  journal = {Energy Strategy Reviews},
  volume = {22},
  pages = {207--215},
  publisher = {Elsevier BV},
  doi = {10.1016/j.esr.2018.08.012},
  file = {C:\Users\scl38887\Zotero\storage\8DVVTIAG\Hoersch2018 - PyPSA Eur_ an Open Optimisation Model of the European Transmission System.pdf}
}

@misc{HoussameH2022,
  title = {Tum-Ens/{{pyGRETA}}: {{Multiple}} Updates},
  author = {{HoussameH} and {Kais-Siala} and Buchenberg, Patrick and {Thushara2020} and {Lodersky} and {Sonercandas}},
  year = {2022},
  publisher = {Zenodo},
  doi = {10.5281/ZENODO.3727416},
  copyright = {Open Access},
  langid = {english}
}

@article{Howells2011,
  title = {{{OSeMOSYS}}: {{The}} Open Source Energy Modeling System},
  author = {Howells, Mark and Rogner, Holger and Strachan, Neil and Heaps, Charles and Huntington, Hillard and Kypreos, Socrates and Hughes, Alison and Silveira, Semida and DeCarolis, Joe and Bazillian, Morgan and Roehrl, Alexander},
  year = {2011},
  month = oct,
  journal = {Energy Policy},
  volume = {39},
  number = {10},
  pages = {5850--5870},
  publisher = {Elsevier BV},
  doi = {10.1016/j.enpol.2011.06.033},
  file = {C:\Users\scl38887\Zotero\storage\KJ2PSAV4\Howells2011 - OSeMOSYS_ the Open Source Energy Modeling System.pdf}
}

@article{Huppmann2021,
  title = {Pyam: {{Analysis}} and Visualisation of Integrated Assessment and Macro-Energy Scenarios},
  author = {Huppmann, Daniel and Gidden, Matthew J. and Nicholls, Zebedee and H{\"o}rsch, Jonas and Lamboll, Robin and Kishimoto, Paul N. and Burandt, Thorsten and Fricko, Oliver and Byers, Edward and Kikstra, Jarmo and Brinkerink, Maarten and Budzinski, Maik and Maczek, Florian and {Zwickl-Bernhard}, Sebastian and Welder, Lara and Quispe, Erik Francisco {\'A}lvarez and Smith, Christopher J.},
  year = {2021},
  month = jun,
  journal = {Open Research Europe},
  volume = {1},
  pages = {74},
  publisher = {F1000 Research Ltd},
  doi = {10.12688/openreseurope.13633.1},
  file = {C:\Users\scl38887\Zotero\storage\EVIXPDHS\Huppmann2021 - Pyam_ Analysis and Visualisation of Integrated Assessment and Macro Energy Scenarios.pdf}
}

@techreport{HydrogenCouncil2021,
  title = {Hydrogen {{InsightsA}} Perspective on Hydrogen Investment,Market Development and Costcompetitiveness},
  author = {{Hydrogen Council, McKinsey \& Company}},
  year = {2021},
  institution = {Hydrogen Council, McKinsey \& Company},
  file = {C:\Users\scl38887\Zotero\storage\ZSV8WNVR\HydrogenCouncil2021 - Hydrogen InsightsA Perspective on Hydrogen Investment,market Development and Costcompetitiveness.pdf}
}

@techreport{IEA2021,
  title = {Net Zero by 2050. {{A}} Roadmap for {{theGlobal}} Energy Sector},
  author = {AGENCY, INTERNATIONAL ENERGY},
  year = {2021},
  institution = {INTERNATIONAL ENERGY AGENCY},
  file = {C:\Users\scl38887\Zotero\storage\TLNYCT5L\IEA2021 - Net Zero by 2050. a Roadmap for TheGlobal Energy Sector.pdf}
}

@misc{IEA2022,
  title = {Morocco Key Energy Statistics},
  author = {{International Energy Agency}},
  year = {2022},
  howpublished = {https://www.iea.org/countries/morocco}
}

@techreport{IPCC2021,
  title = {Climate Change 2021: {{The}} Physical Science Basis. {{Contribution}} of Working Group {{I}} to the Sixth Assessment Report of the Intergovernmental Panel on Climate Change},
  author = {{Masson-Delmotte}, V. and Zhai, P. and Pirani, A. and Connors, S. L. and P{\'e}an, C. and Berger, S. and Caud, N. and Chen, Y. and Goldfarb, L. and Gomis, M. I. and Huang, M. and Leitzell, K. and Lonnoy, E. and Matthews, J.B.R. and Maycock, T. K. and Waterfield, T. and Yelek{\c c}i, O. and Yu, R. and Zhou, B.},
  year = {2021},
  institution = {Cambridge University Press / IPCC},
  chapter = {Summary for Policymakers},
  collaborator = {{IPCC}},
  file = {C:\Users\scl38887\Zotero\storage\GMREVQBM\IPCC2021 - Climate Change 2021_ the Physical Science Basis. Contribution of Working Group I to the Sixth Assessment Report of the Intergovernmental Panel on Climate Change.pdf}
}

@misc{IRENA2022,
  title = {{{IRENASTAT Online Data Query Tool}}},
  author = {{International Renewable Energy Agency}},
  year = {2023},
  howpublished = {https://pxweb.irena.org/pxweb/en/IRENASTAT/}
}

@techreport{IRENA2022a,
  title = {{{NDCs}} and Renewable Energy Targets in 2021: {{Are}} We on the Right Path to a Climate-Safe Future?,},
  author = {{IRENA}},
  year = {2022},
  institution = {International Renewable Energy Agency / International Renewable Energy Agency}
}

@techreport{IRENA2022a,
  title = {Geopolitics of the Energy Transformation. {{The}} Hydrogen Factor},
  author = {{IRENA}},
  year = {2022},
  institution = {International Renewable Energy Agency},
  file = {C:\Users\scl38887\Zotero\storage\6NETG9DQ\IRENA2022 - Geopolitics of TheEnergy TransformationThe Hydrogen Factor.pdf}
}

@techreport{IRENA2022b,
  title = {African Renewable Electricity Profiles for Energy Modelling Database: {{Hydropower}}},
  author = {{IRENA}},
  year = {2022},
  institution = {International Renewable Energy Agency / International Renewable Energy Agency}
}

@techreport{IRENAAfDB2021,
  title = {Renewable Energy Market Analysis: {{Africa}} and Its Regions},
  author = {{IRENA and AfDB}},
  year = {2021},
  institution = {{International Renewable Energy Agency and African Development Bank / International Renewable Energy Agency}}
}

@techreport{ITC2014,
  title = {{{ITC}} by Country Report -- Morocco},
  author = {{ITC}},
  year = {2014},
  institution = {International Trade Centre}
}

@article{ITF2021,
  title = {Decarbonising Morocco's Transport System: {{Charting}} the Way Forward},
  author = {{ITF}},
  year = {2021},
  journal = {International Transport Forum Policy Papers},
  number = {89}
}

@techreport{ITF2021a,
  title = {{{ITF}} Transport Outlook 2021},
  author = {{ITF}},
  year = {2021},
  institution = {OECD / International Transport Forum},
  doi = {10.1787/25202367}
}

@article{Jabbari2019,
  title = {Global Carbon Budget Allocation Based on {{Rawlsian Justice}} by Means of the {{Sustainable Development Goals Index}}},
  author = {Jabbari, Mehdi and Motlagh, Majid Shafiepour and Ashrafi, Khosro and Abdoli, Ghahreman},
  year = {2019},
  month = aug,
  journal = {Environment, Development and Sustainability},
  volume = {22},
  number = {6},
  pages = {5465--5481},
  publisher = {{Springer Science and Business Media LLC}},
  doi = {10.1007/s10668-019-00433-1},
  file = {C:\Users\scl38887\Zotero\storage\35S7WIVT\Jabbari2019 - Global Carbon Budget Allocation Based on Rawlsian Justice by Means of the Sustainable Development Goals Index.pdf}
}

@techreport{Janischka2021,
  title = {D{{ie Rolle von Wasserstoff in einem klimaneutralen europ{\"a}ischen Energiesystem -- eine modellbasierte Analyse bis 2050}}},
  author = {Janischka, Ulrich and Bublitz, Andreas and Sun, Ninghong and G{\"u}th, Bj{\"o}rn and Bosnjak, Niko and R{\"o}{\ss}ler, Carolin and Wobben, Magnus and Pankiewicz, Ari and Beesterm{\"o}ller, Robert and Flatau, Roman and Schleicher, Sarah and Wohak, Oliver and Labmayr, Maximilian},
  year = {2021},
  institution = {TransnetBW},
  file = {C:\Users\scl38887\Zotero\storage\68GHXS5F\Janischka2021 - Die Rolle Von Wasserstoff in Einem Klimaneutralen Europäischen Energiesystem – Eine Modellbasierte Analyse Bis 2050.pdf}
}

@techreport{Jensterle2019,
  title = {Gr{\"u}ner Wasserstoff: {{Internationale}} Kooperations-Potenziale F{\"u}r {{DeutschlandKurzanalyse}} Zu Ausgew{\"a}hlten Aspekten Potenzieller Nicht-{{EU- Partnerl{\"a}nder}}{\dbend}},
  author = {Miha Jensterle, Jana Narita, Karoline Steinbacher (Navigant)Farhanja Wahabzada, Tobias Zeller (GIZ)Kilian Crone, Sebastian L{\"o}chle (dena){\dbend}, Raffaele Piria (adelphi)Jonas Schr{\"o}der},
  year = {2019},
  institution = {adelphi; dena; GIZ; Navigant},
  file = {C:\Users\scl38887\Zotero\storage\YY5DBT6H\Jensterle2019 - Grüner Wasserstoff_ Internationale Kooperations Potenziale Für DeutschlandKurzanalyse Zu Ausgewählten Aspekten Potenzieller Nicht EU Partnerländer�.pdf}
}

@article{Khouya2020,
  title = {Levelized Costs of Energy and Hydrogen of Wind Farms and Concentrated Photovoltaic Thermal Systems. {{A}} Case Study in {{Morocco}}},
  author = {Khouya, Ahmed},
  year = {2020},
  month = nov,
  journal = {International Journal of Hydrogen Energy},
  volume = {45},
  number = {56},
  pages = {31632--31650},
  publisher = {Elsevier BV},
  doi = {10.1016/j.ijhydene.2020.08.240},
  file = {C:\Users\scl38887\Zotero\storage\V7DXJBIK\Khouya2020 - Levelized Costs of Energy and Hydrogen of Wind Farms and Concentrated Photovoltaic Thermal Systems. a Case Study in Morocco.pdf}
}

@techreport{Kies2017,
  title = {The Interplay of European Hydro Power and North African Solar Power in a Fully Renewable European Power System},
  author = {Kies, Alexander and Schyska, Bruno and {von Bremen}, Lueder},
  year = {2017},
  file = {C:\Users\scl38887\Zotero\storage\CJSRQZ5V\Kies2017 - The Interplay of European Hydro Power and North African Solar Power in a Fully Renewable European Power System.pdf}
}

@article{Kies2021,
  title = {Critical Review of Renewable Generation Datasets and Their Implications for {{European}} Power System Models},
  author = {Kies, Alexander and Schyska, Bruno U. and Bilousova, Mariia and Sayed, Omar El and Jurasz, Jakub and Stoecker, Horst},
  year = {2021},
  month = dec,
  journal = {Renewable and Sustainable Energy Reviews},
  volume = {152},
  pages = {111614},
  publisher = {Elsevier BV},
  doi = {10.1016/j.rser.2021.111614},
  file = {C:\Users\scl38887\Zotero\storage\FGINPKMY\Kies2021 - Critical Review of Renewable Generation Datasets and Their Implications for European Power System Models.pdf}
}

@inproceedings{Kirli2021,
  title = {{{PyPSA}} Meets {{Africa}}: {{Developing}} an Open Source Electricity Network Model of the {{African}} Continent},
  booktitle = {2021 {{IEEE AFRICON}}},
  author = {Kirli, Desen and Hampp, Johannes and {van Greevenbroek}, Koen and Grant, Rebecca and Mahmood, Matin and Parzen, Maximilian and Kiprakis, Aristides},
  year = {2021},
  month = sep,
  publisher = {IEEE},
  doi = {10.1109/africon51333.2021.9570911}
}

@article{Klein2019,
  title = {Supply and Demand Side Flexibility Options for High Renewable Energy Penetration Levels in South Africa},
  author = {Klein, Peter and {Carter-Brown}, Clinton and Wright, Jarrad G. and Calitz, Joanne R.},
  year = {2019},
  month = sep,
  journal = {SAIEE Africa Research Journal},
  volume = {110},
  number = {3},
  pages = {111--124},
  publisher = {{Institute of Electrical and Electronics Engineers (IEEE)}},
  doi = {10.23919/saiee.2019.8732763},
  file = {C:\Users\scl38887\Zotero\storage\EXY56GJZ\Klein2019 - Supply and Demand Side Flexibility Options for High Renewable Energy Penetration Levels in South Africa.pdf}
}

@article{Koch2022,
  title = {Assessing the Potential of Rooftop Photovoltaics by Processing High-Resolution Irradiation Data, as Applied to Giessen, Germany},
  author = {Koch, Hannes and Lechner, Stefan and Erdmann, Sebastian and Hofmann, Martin},
  year = {2022},
  month = sep,
  journal = {Energies},
  volume = {15},
  number = {19},
  pages = {6991},
  publisher = {MDPI AG},
  doi = {10.3390/en15196991},
  file = {C:\Users\scl38887\Zotero\storage\DIWZ5K7C\Koch2022 - Assessing the Potential of Rooftop Photovoltaics by Processing High Resolution Irradiation Data, As Applied to Giessen, Germany.pdf}
}

@article{Koerber2021,
  title = {{Entwicklung eines methodischen Datenblatt generierenden Vergleichs f{\"u}r Free Open Source Energiesystem-Simulationssoftware anhand eines Fallbeispiels mit den Software-Tools Oemof und PyPSA}},
  author = {K{\"o}rber, Cedric},
  year = {2021},
  publisher = {TUHH Universit{\"a}tsbibliothek},
  doi = {10.15480/882.4249},
  copyright = {http://rightsstatements.org/vocab/InC/1.0/},
  langid = {ngerman},
  keywords = {600: Technik,620: Ingenieurwissenschaften,Energy System Analysis,framework,Model comparisons,Modelling and simulation,Open Science,open source software,Simulation frameworks}
}

@techreport{Kost2012,
  title = {Support for Moroccan Solar {{PlanSolar}} Technologies in Morocco --{{Industry}} and Value Chain Assessment},
  author = {Kost, Christoph and Thomsen, Jessica and Schlegl, Thomas and Fluri, Thomas and Philipps, Simon and Lude, Simon and H{\"a}drich, Ingrid and Weber, Dirk and Platzer, Werner and Wirth, Harry},
  year = {2012},
  institution = {Fraunhofer Institute for Solar Energy Systems ISE}
}

@misc{kotzur2020modelers,
  title = {A Modeler's Guide to Handle Complexity in Energy System Optimization},
  author = {Kotzur, Leander and Nolting, Lars and Hoffmann, Maximilian and Gro{\ss}, Theresa and Smolenko, Andreas and Priesmann, Jan and B{\"u}sing, Henrik and Beer, Robin and Kullmann, Felix and Singh, Bismark and Praktiknjo, Aaron and Stolten, Detlef and Robinius, Martin},
  year = {2020},
  eprint = {2009.07216},
  primaryclass = {math.OC},
  archiveprefix = {arxiv},
  file = {C:\Users\scl38887\Zotero\storage\KFGXYVRE\kotzur2020modelers - A Modeler's Guide to Handle Complexity in Energy System Optimization.pdf}
}

@article{Kotzur2021,
  title = {A Modelers Guide to Handle Complexity in Energy Systems Optimization},
  author = {Kotzur, Leander and Nolting, Lars and Hoffmann, Maximilian and Gro{\ss}, Theresa and Smolenko, Andreas and Priesmann, Jan and B{\"u}sing, Henrik and Beer, Robin and Kullmann, Felix and Singh, Bismark and Praktiknjo, Aaron and Stolten, Detlef and Robinius, Martin},
  year = {2021},
  month = nov,
  journal = {Advances in Applied Energy},
  volume = {4},
  pages = {100063},
  publisher = {Elsevier BV},
  doi = {10.1016/j.adapen.2021.100063},
  file = {C:\Users\scl38887\Zotero\storage\DQEI8DCM\Kotzur2021 - A Modeler_s Guide to Handle Complexity in Energy Systems Optimization.pdf}
}

@techreport{Kriegler2020,
  title = {Ausstieg Aus Fossilen Energietr{\"a}gern - Wie Gelingt Eine Faire Systemtransformation, (Dialog Zur Klima{\"o}konomie: {{Hintergrundpapier}} Zum 7. {{Forum}} Klima{\"o}konomie)},
  author = {Kriegler, E. and Gulde, R. and Colell, A. and {von Hirschhausen}, C. and Minx, J. C. and Oei, P.-Y. and {Yanguas-Parra}, P. and Bauer, N. and Brauers, H. and Broska, L. H. and Groh, E. and Hagen, A. and Hainsch, K. and Holz, F. and H{\"u}bler, M. and Jakob, M. and Khabbazan, M. M. and Leimbach, M. and Manych, N. and {Montes de Oca Le,/on}, M. and Ohlendorf, N. and Osorio, S. and Pahle, M. and Reutter, L. and Shamon, H. and Steckel, J. and Strefler, J. and Vance, C. and V{\"o}gele, S. and {von Wangenheim}, G. and Walk, P. and Wittenberg, I. and Zundel, S.},
  year = {2020},
  address = {Potsdam},
  institution = {Potsdam-Institut f{\"u}r Klimafolgenforschung (u.a.)},
  file = {C:\Users\scl38887\Zotero\storage\6RETQVQR\Kriegler2020 - Ausstieg Aus Fossilen Energieträgern Wie Gelingt Eine Faire Systemtransformation, (Dialog Zur Klimaökonomie_ Hintergrundpapier Zum 7. Forum Klimaökonomie).pdf}
}

@phdthesis{Krien2020,
  title = {Erweiterung Der Bewertungskriterien Vonregionalen Strom-W{\"a}rme-Modellen Durch {{dieKopplung}} Mit Einem {\"U}berregionalen {{Modell}}:{{Eine}} Freie Python Toolbox},
  author = {Krien, Uwe},
  year = {2020},
  school = {Technische Universit{\"a}t Berlin},
  file = {C:\Users\scl38887\Zotero\storage\8ND7M2A2\Krien2020 - Erweiterung Der Bewertungskriterien Vonregionalen Strom Wärme Modellen Durch DieKopplung Mit Einem Überregionalen Modell_Eine Freie Python Toolbox.pdf}
}

@techreport{Krueger2022,
  title = {Nachfrageszenarien --{{Storylines}} Und Herleitung {{derEntwicklung}} Der Nachfrage {{nachSynfuels}} Und Grundstoffen-- Ergebnisbericht Des Projekts {{MENA-Fuels}}. {{Teilbericht}} 14},
  author = {Krueger, Christine and Dore, Larissa},
  year = {2022},
  institution = {Deutschen Zentrum f{\"u}r Luft- und Raumfahrt (DLR), Institut f{\"u}r Zukunfts Energie- und Stoffstromsysteme (IZES)},
  file = {C:\Users\scl38887\Zotero\storage\FAG24A7L\MENA-Fuels_Teilbericht5_Basisszenarien_Storylines.pdf}
}

@article{Lahn2020,
  title = {A History of the Global Carbon Budget},
  author = {Lahn, B{\aa}rd},
  year = {2020},
  month = may,
  journal = {WIREs Climate Change},
  volume = {11},
  number = {3},
  publisher = {Wiley},
  doi = {10.1002/wcc.636},
  file = {C:\Users\scl38887\Zotero\storage\9CFR48QP\Lahn2020 - A History of the Global Carbon Budget.pdf}
}

@article{Lamb2020,
  title = {The Political Economy of National Climate Policy: {{Architectures}} of Constraint and a Typology of Countries},
  author = {Lamb, William F. and Minx, Jan C.},
  year = {2020},
  month = jun,
  journal = {Energy Research \& Social Science},
  volume = {64},
  pages = {101429},
  publisher = {Elsevier BV},
  doi = {10.1016/j.erss.2020.101429},
  file = {C:\Users\scl38887\Zotero\storage\DA7U4IWH\Lamb2020 - The Political Economy of National Climate Policy_ Architectures of Constraint and a Typology of Countries.pdf}
}

@article{Lara2021,
  title = {{{PowerSystems}}.Jl --- {{A}} Power System Data Management Package for Large Scale Modeling},
  author = {Lara, Jos{\'e} Daniel and Barrows, Clayton and Thom, Daniel and Krishnamurthy, Dheepak and Callaway, Duncan},
  year = {2021},
  month = jul,
  journal = {SoftwareX},
  volume = {15},
  pages = {100747},
  publisher = {Elsevier BV},
  doi = {10.1016/j.softx.2021.100747},
  file = {C:\Users\scl38887\Zotero\storage\9TS6AWTQ\Lara2021 - PowerSystems.jl _ a Power System Data Management Package for Large Scale Modeling.pdf}
}

@article{Lombardi2019,
  title = {Generating High-Resolution Multi-Energy Load Profiles for Remote Areas with an Open-Source Stochastic Model},
  author = {Lombardi, Francesco and Balderrama, Sergio and Quoilin, Sylvain and Colombo, Emanuela},
  year = {2019},
  month = jun,
  journal = {Energy},
  volume = {177},
  pages = {433--444},
  publisher = {Elsevier BV},
  doi = {10.1016/j.energy.2019.04.097},
  file = {C:\Users\scl38887\Zotero\storage\CDPE6ACB\Lombardi2019 - Generating High Resolution Multi Energy Load Profiles for Remote Areas with an Open Source Stochastic Model.pdf}
}

@article{Lopion2018,
  title = {A Review of Current Challenges and Trends in Energy Systems Modeling},
  author = {Lopion, Peter and Markewitz, Peter and Robinius, Martin and Stolten, Detlef},
  year = {2018},
  month = nov,
  journal = {Renewable and Sustainable Energy Reviews},
  volume = {96},
  pages = {156--166},
  publisher = {Elsevier BV},
  doi = {10.1016/j.rser.2018.07.045},
  priority = {prio1},
  file = {C:\Users\scl38887\Zotero\storage\BNJ6ETMD\Lopion2018 - A Review of Current Challenges and Trends in Energy Systems Modeling.pdf}
}

@techreport{Luderer2015,
  title = {Description of the {{REMIND}} Model (Version 1.6)},
  author = {Gunnar Luderer, Marian Leimbach, Elmar Kriegler, Lavinia Baumstark, Christoph Bertram, Anastasis Giannousakis, J{\'e}r{\^o}me Hilaire, David Klein, Antoine Levesque, Ioanna Mouratiadou, Michaja Pehl, Robert Pietzcker, Franziska Piontek, Niklas Roming, Anselm Schultes, Valeria Jana Schwanitz, Jessica Strefler, Nico Bauer},
  year = {2015},
  institution = {PIK},
  file = {C:\Users\scl38887\Zotero\storage\RFVM2KDS\Luderer2015 - Description of the REMIND Model (Version 1.6).pdf}
}

@article{Lux2020,
  title = {A Supply Curve of Electricity-Based Hydrogen in a Decarbonized {{European}} Energy System in 2050},
  author = {Lux, Benjamin and Pfluger, Benjamin},
  year = {2020},
  month = jul,
  journal = {Applied Energy},
  volume = {269},
  pages = {115011},
  publisher = {Elsevier BV},
  doi = {10.1016/j.apenergy.2020.115011},
  file = {C:\Users\scl38887\Zotero\storage\GEY59RLM\Lux2020 - A Supply Curve of Electricity Based Hydrogen in a Decarbonized European Energy System in 2050.pdf}
}

@techreport{Lux2021,
  title = {{{LANGFRISTSZENARIEN F{\"U}R DIE TRANSFORMATION DES ENERGIESYSTEMS IN DEUTSCHLAND}}. {{Angebotsseite Treibhausgasneutrale Szenarien}}},
  author = {Pfluger, Benjamin Lux {$\bullet$}Dr. Frank Sensfu{\ss}{$\bullet$}Dr. Gerda Deac{$\bullet$}Dr. Christoph Kiefer{$\bullet$}Christiane Bernath{$\bullet$}Dr. Joshua Fragoso-Garcia{$\bullet$}Dr. Benjamin},
  year = {2021},
  institution = {Consentec GmbH; Fraunhofer-Institut f{\"u}r System- und Innovationsforschung ISI; ifeu -- Institut f{\"u}r Energie- und Umweltforschung Heidelberg; Technische Universit{\"a}t Berlin},
  file = {C:\Users\scl38887\Zotero\storage\EUNSIZAN\Lux2021 - LANGFRISTSZENARIEN FÜR DIE TRANSFORMATION DES ENERGIESYSTEMS iN DEUTSCHLAND. Angebotsseite Treibhausgasneutrale Szenarien.pdf}
}

@article{Lyden2023,
  title = {An Open-Source Model of Great Britains Power System for Simulating Future Energy Scenarios},
  author = {Lyden, Andrew Francis and Sun, Wei and Struthers, Iain A. and Franken, Lukas and Hudson, Seb and Wang, Yifan and Friedrich, Daniel},
  year = {2023},
  publisher = {Elsevier BV},
  doi = {10.2139/ssrn.4509311},
  file = {C:\Users\scl38887\Zotero\storage\7GVKW6GM\Lyden2023 - An Open Source Model of Great Britain_s Power System for Simulating Future Energy Scenarios.pdf}
}

@article{Manych2021,
  title = {Finance-Based Accounting of Coal Emissions},
  author = {Manych, Niccol{\`o} and Steckel, Jan Christoph and Jakob, Michael},
  year = {2021},
  month = mar,
  journal = {Environmental Research Letters},
  volume = {16},
  number = {4},
  pages = {044028},
  publisher = {IOP Publishing},
  doi = {10.1088/1748-9326/abd972},
  file = {C:\Users\scl38887\Zotero\storage\25JW5ALR\Manych2021 - Finance Based Accounting of Coal Emissions.pdf}
}

@techreport{MarHyStrat2021,
  title = {Feuille de Route de Hydrog{\`e}ne Vert},
  author = {{Royaume du Maroc}},
  year = {2021},
  urldate = {2023-09-04},
  file = {C:\Users\scl38887\Zotero\storage\G55YS7HD\Feuille de route de hydrogène vert.pdf}
}

@article{Mattsson2021,
  title = {An Autopilot for Energy Models -- {{Automatic}} Generation of Renewable Supply Curves, Hourly Capacity Factors and Hourly Synthetic Electricity Demand for Arbitrary World Regions},
  author = {Mattsson, Niclas and Verendel, Vilhelm and Hedenus, Fredrik and Reichenberg, Lina},
  year = {2021},
  month = jan,
  journal = {Energy Strategy Reviews},
  volume = {33},
  pages = {100606},
  publisher = {Elsevier BV},
  doi = {10.1016/j.esr.2020.100606},
  file = {C:\Users\scl38887\Zotero\storage\9WWWNN2A\Mattsson2021 - An Autopilot for Energy Models _ Automatic Generation of Renewable Supply Curves, Hourly Capacity Factors and Hourly Synthetic Electricity Demand for Arbitrary World Regions.pdf}
}

@techreport{Mengis12020,
  title = {Project Briefing \#2defining the German Carbon Budget},
  author = {Nadine Mengis1, Sonja Simon2, Angela Stevenson1, Knut Goerl4, Bettina Steuri4, Andreas Oschlies, Terese Thoni3},
  year = {2020},
  institution = {Helmholtz Climate Initiative},
  file = {C:\Users\scl38887\Zotero\storage\IFQLJ8N8\Mengis12020 - PROJECT BRIEFING #2DEFINING tHE GERMAN CARBON BUDGET.pdf}
}

@techreport{Merten2020,
  title = {Bewertung Der Vor- Und Nachteile von Wasserstoffimporten Im Vergleich Zur Heimischen Erzeugung},
  author = {Merten, Frank and Scholz, Alexander and Kr{\"u}ger, Christine and Heck, Simon and Girard, Yann and Mecke, Marc and Goerge, Marius},
  year = {2020},
  institution = {Wuppertal Institut, DIW Econ / DIW-ECON, Wuppertal Institut},
  file = {C:\Users\scl38887\Zotero\storage\I4T5KJUW\Merten2020 - Bewertung Der Vor Und Nachteile Von Wasserstoffimporten Im Vergleich Zur Heimischen Erzeugung.pdf}
}

@techreport{Merten2020a,
  title = {Infrastructure Needs for Deep Decarbonisation of Heavyindustries in {{Europe}}},
  author = {Frank Merten, Stefan Lechtenb{\"o}hmer, Arjuna Nebel, Clemens Schneider, Alexander Scholz, Ansgar Taubitz, Christine Kr{\"u}ger},
  year = {2020},
  institution = {Wuppertal Institut},
  file = {C:\Users\scl38887\Zotero\storage\CZLHMFD5\Merten2020a - Infrastructure Needs for Deep Decarbonisation of Heavyindustries in Europe.pdf}
}

@article{Messner2010,
  title = {The Budget Approach: {{A}} Framework for a Global Transformation toward a Low-Carbon Economy},
  author = {Messner, Dirk and Schellnhuber, John and Rahmstorf, Stefan and Klingenfeld, Daniel},
  year = {2010},
  month = may,
  journal = {Journal of Renewable and Sustainable Energy},
  volume = {2},
  number = {3},
  pages = {031003},
  publisher = {AIP Publishing},
  doi = {10.1063/1.3318695},
  file = {C:\Users\scl38887\Zotero\storage\AINJ9M4T\Messner2010 - The Budget Approach_ a Framework for a Global Transformation toward a Low Carbon Economy.pdf}
}

@article{Mildenberger2019,
  title = {Households with Solar Installations Are Ideologically Diverse and More Politically Active than Their Neighbours},
  author = {Mildenberger, Matto and Howe, Peter D. and Miljanich, Chris},
  year = {2019},
  month = nov,
  journal = {Nature Energy},
  volume = {4},
  number = {12},
  pages = {1033--1039},
  publisher = {{Springer Science and Business Media LLC}},
  doi = {10.1038/s41560-019-0498-8},
  file = {C:\Users\scl38887\Zotero\storage\YWQN52LA\Mildenberger2019 - Households with Solar Installations Are Ideologically Diverse and More Politically Active Than Their Neighbours.pdf}
}

@article{Minelli2014,
  title = {An Open Source {{GIS}} Tool to Quantify the Visual Impact of Wind Turbines and Photovoltaic Panels},
  author = {Minelli, Annalisa and Marchesini, Ivan and Taylor, Faith E. and Rosa, Pierluigi De and Casagrande, Luca and Cenci, Michele},
  year = {2014},
  month = nov,
  journal = {Environmental Impact Assessment Review},
  volume = {49},
  pages = {70--78},
  publisher = {Elsevier BV},
  doi = {10.1016/j.eiar.2014.07.002},
  file = {C:\Users\scl38887\Zotero\storage\X7QB6ZEE\Minelli2014 - An Open Source GIS Tool to Quantify the Visual Impact of Wind Turbines and Photovoltaic Panels.pdf}
}

@techreport{Moritz2021,
  title = {Globales {{PtX-Produktions-}} Und Importkostentool},
  author = {Michael Moritz, Max Sch{\"o}nfisch, Dr. Simon Schulte},
  year = {2021},
  institution = {EWI K{\"o}ln},
  file = {C:\Users\scl38887\Zotero\storage\N6TXSUJI\Moritz2021 - Globales PtX Produktions Und Importkostentool.pdf}
}

@book{Mottok2019,
  title = {{{ARC}} 2019 Applied Research Conference 2018 : 08 July 2019 Regensburg},
  author = {Mottok, J{\"u}rgen},
  year = {2019},
  publisher = {Pro Business},
  address = {Berlin},
  isbn = {978-3-96409-182-6}
}

@misc{Muller2023,
  title = {National Energy Demand Projections Using {{LEAP}} and {{Excel}}},
  author = {M{\"u}ller, Viktor Paul and Pieton, Natalia and Leninova, Veronika and {Abdel-Khalek}, Hazem and Sinha, Mohammad Fuhad Anwar},
  year = {2023},
  publisher = {Zenodo},
  doi = {10.5281/ZENODO.8153736},
  copyright = {Creative Commons Attribution 4.0 International},
  langid = {english},
  keywords = {Energy Demand Projections,Final Energy Demand,LEAP,MS Excel}
}

@techreport{Muttitt2016,
  title = {{{THE SKY}}'{{S LIMIT}}. {{WHY THE PARIS CLIMATE GOALS REQUIRE A MANAGED DECLINE OF FOSSIL FUEL PRODUCTION}}},
  author = {Muttitt, Greg and McKinnon, Hannah and Stockman, Lorne and Kretzmann, Steve and Scott, Adam and Turnbull, David and Rees, Collin},
  year = {2016},
  address = {Washington DC},
  institution = {Oil Change International},
  ranking = {rank5},
  file = {C:\Users\scl38887\Zotero\storage\9KCKA22U\Muttitt2016 - THE SKY’S LIMIT. WHY tHE PARIS CLIMATE GOALS REQUIRE a MANAGED DECLINE oF FOSSIL FUEL PRODUCTION.pdf}
}

@inproceedings{Neumann2019,
  title = {Heuristics for Transmission Expansion Planning in Low-Carbon Energy System Models},
  author = {Neumann, Fabian and Brown, Tom},
  year = {2019},
  month = sep,
  publisher = {IEEE},
  doi = {10.1109/eem.2019.8916411},
  file = {C:\Users\scl38887\Zotero\storage\Z638PP98\Neumann2019 - Heuristics for Transmission Expansion Planning in Low Carbon Energy System Models.pdf}
}

@article{Neumann2021,
  title = {The Near-Optimal Feasible Space of a Renewable Power System Model},
  author = {Neumann, Fabian and Brown, Tom},
  year = {2021},
  month = jan,
  journal = {Electric Power Systems Research},
  volume = {190},
  pages = {106690},
  publisher = {Elsevier BV},
  doi = {10.1016/j.epsr.2020.106690},
  readstatus = {skimmed},
  file = {C:\Users\scl38887\Zotero\storage\R6AXWLK4\Neumann2021 - The near Optimal Feasible Space of a Renewable Power System Model.pdf}
}

@article{Neumann2022,
  title = {Benefits of a Hydrogen Network in Europe},
  author = {Neumann, Fabian and Zeyen, Elisabeth and Victoria, Marta and Brown, Tom},
  year = {2022},
  journal = {SSRN Electronic Journal},
  publisher = {Elsevier BV},
  doi = {10.2139/ssrn.4173442},
  file = {C\:\\Users\\scl38887\\Zotero\\storage\\7X47F4EA\\Neumann2022a - Benefits of a Hydrogen Network in Europe.pdf;C\:\\Users\\scl38887\\Zotero\\storage\\BUJTQNQ7\\1-s2.0-S2542435123002660-main.pdf}
}

@article{Neumann2022a,
  title = {Assessments of Linear Power Flow and Transmission Loss Approximations in Coordinated Capacity Expansion Problems},
  author = {Neumann, Fabian and Hagenmeyer, Veit and Brown, Tom},
  year = {2022},
  month = may,
  journal = {Applied Energy},
  volume = {314},
  pages = {118859},
  publisher = {Elsevier BV},
  doi = {10.1016/j.apenergy.2022.118859},
  keywords = {Capacity expansion planning,Energy system modelling,Grid reinforcement,Linear optimal power flow,Transmission losses},
  file = {C:\Users\scl38887\Zotero\storage\E9W7T83T\1-s2.0-S0306261922002938-main.pdf}
}

@article{Odenweller2022,
  title = {Probabilistic Feasibility Space of Scaling up Green Hydrogen Supply},
  author = {Odenweller, Adrian and Ueckerdt, Falko and Nemet, Gregory and Jensterle, Miha and Luderer, Gunnar},
  year = {2022},
  month = feb,
  publisher = {Research Square Platform LLC},
  doi = {10.21203/rs.3.rs-1318076/v1},
  file = {C:\Users\scl38887\Zotero\storage\NTKS2NVY\s41560-022-01097-4.pdf}
}

@misc{OpenStreetMap2022,
  title = {{{OpenStreetMap}}},
  author = {{OpenStreetMap contributors}},
  year = {2022},
  howpublished = {https://www.openstreetmap.org}
}

@article{Oyewo2022,
  title = {Contextualizing the Scope, Scale, and Speed of Energy Pathways toward Sustainable Development in {{Africa}}},
  author = {Oyewo, Ayobami S. and Bogdanov, Dmitrii and Aghahosseini, Arman and Mensah, Theophilus N.O. and Breyer, Christian},
  year = {2022},
  month = sep,
  journal = {iScience},
  volume = {25},
  number = {9},
  pages = {104965},
  publisher = {Elsevier BV},
  doi = {10.1016/j.isci.2022.104965},
  priority = {prio1},
  ranking = {rank5},
  readstatus = {skimmed},
  file = {C:\Users\scl38887\Zotero\storage\EC7TL8YZ\Oyewo2022 - Contextualizing the Scope, Scale, and Speed of Energy Pathways toward Sustainable Development in Africa.pdf}
}

@article{Oyewo2023,
  title = {Highly Renewable Energy Systems in {{Africa}}: {{Rationale}}, Research, and Recommendations},
  author = {Oyewo, Ayobami S. and Sterl, Sebastian and Khalili, Siavash and Breyer, Christian},
  year = {2023},
  month = jul,
  journal = {Joule},
  volume = {7},
  number = {7},
  pages = {1437--1470},
  publisher = {Elsevier BV},
  doi = {10.1016/j.joule.2023.06.004},
  file = {C:\Users\scl38887\Zotero\storage\N6N4NG9S\Oyewo2023 - Highly Renewable Energy Systems in Africa_ Rationale, Research, and Recommendations.pdf}
}

@techreport{Painter2019,
  title = {Innovation on Job Accessibility with General Transit Feed Specification ({{GTFS}}) Data},
  author = {Miller, Dr. Gary Painter; Dr. Marlon Boarnet; Madison Swayne; Matthew},
  year = {2019},
  institution = {Sol Price School of Public Policy University of Southern California},
  file = {C:\Users\scl38887\Zotero\storage\CDJYPS8E\Painter2019 - Innovation on Job Accessibility with General Transit Feed Specification (GTFS) Data.pdf}
}

@techreport{PAPER2023,
  title = {Grabbing the Sunshine? {{Tweaking}} Germany's Energy Partnerships towards a Just Hydrogen Transition},
  author = {PAPER, SLE BRIEFING},
  year = {2023},
  file = {C:\Users\scl38887\Zotero\storage\VZAIFBFS\- Grabbing the Sunshine_ Tweaking Germany's Energy Partnerships Towards a Just Hydrogen Transition.pdf}
}

@techreport{Parra2019,
  title = {Global and Regional Coal Phase-out Requirements of the {{Paris Agreement}}: {{Insights}} from the {{IPCC Special Report}} on 1.5{$^\circ$}{{C}}},
  author = {Paola A. Yanguas Parra, Gaurav Ganti, Bill Hare, Michiel Schaeffer, Ursula Fuentes, Robert Brecha},
  year = {2019},
  institution = {Climate Analytics},
  file = {C:\Users\scl38887\Zotero\storage\9FH5KDUC\Parra2019 - Global and Regional Coal Phase Out Requirements of the Paris Agreement_ Insights from the IPCC Special Report on 1.5°C.pdf}
}

@misc{Parzen2022,
  title = {{{PyPSA-Earth}}. {{A}} New Global Open Energy System Optimization Model Demonstrated in Africa},
  author = {Parzen, Maximilian and {Abdel-Khalek}, Hazem and Fedorova, Ekaterina and Mahmood, Matin and Frysztacki, Martha Maria and Hampp, Johannes and Franken, Lukas and Schumm, Leon and Neumann, Fabian and Poli, Davide and Kiprakis, Aristides and Fioriti, Davide},
  year = {2022},
  publisher = {arXiv},
  doi = {10.48550/ARXIV.2209.04663},
  copyright = {Creative Commons Attribution Non Commercial No Derivatives 4.0 International},
  keywords = {FOS: Physical sciences,Physics and Society (physics.soc-ph)},
  file = {C:\Users\scl38887\Zotero\storage\PG4TMAK7\Parzen2022 - PyPSA Earth. a New Global Open Energy System Optimization Model Demonstrated in Africa.pdf}
}

@article{Parzen2023,
  title = {{{PyPSA-Earth}}. {{A}} New Global Open Energy System Optimization Model Demonstrated in {{Africa}}},
  author = {Parzen, Maximilian and {Abdel-Khalek}, Hazem and Fedotova, Ekaterina and Mahmood, Matin and Frysztacki, Martha Maria and Hampp, Johannes and Franken, Lukas and Schumm, Leon and Neumann, Fabian and Poli, Davide and Kiprakis, Aristides and Fioriti, Davide},
  year = {2023},
  month = jul,
  journal = {Applied Energy},
  volume = {341},
  pages = {121096},
  publisher = {Elsevier BV},
  doi = {10.1016/j.apenergy.2023.121096},
  file = {C:\Users\scl38887\Zotero\storage\FFAF7QVC\Parzen2023a - PyPSA Earth. a New Global Open Energy System Optimization Model Demonstrated in Africa.pdf}
}

@article{Parzen2023a,
  title = {Reducing Energy System Model Distortions from Unintended Storage Cycling through Variable Costs},
  author = {Parzen, Maximilian and Kittel, Martin and Friedrich, Daniel and Kiprakis, Aristides},
  year = {2023},
  month = jan,
  journal = {iScience},
  volume = {26},
  number = {1},
  pages = {105729},
  publisher = {Elsevier BV},
  doi = {10.1016/j.isci.2022.105729},
  file = {C:\Users\scl38887\Zotero\storage\FCNQ6F68\Parzen2023 - Reducing Energy System Model Distortions from Unintended Storage Cycling through Variable Costs.pdf}
}

@misc{Patankar2022,
  title = {Land Use Trade-Offs in Decarbonization of Electricity Generation in the American West},
  author = {Patankar, Neha and {Sarkela-Basset}, Xiili and Schivley, Greg and Leslie, Emily and Jenkins, Jesse},
  year = {2022},
  publisher = {arXiv},
  doi = {10.48550/ARXIV.2211.05062},
  copyright = {Creative Commons Attribution 4.0 International},
  keywords = {electronic engineering,FOS: Electrical engineering,information engineering,Systems and Control (eess.SY)},
  file = {C:\Users\scl38887\Zotero\storage\MAEBKEWC\Patankar2022 - Land Use Trade Offs in Decarbonization of Electricity Generation in the American West.pdf}
}

@techreport{Perner2020,
  title = {(Vertraulich) Wirtschaftlichkeit Vonptx-Produkten Ausnordafrika -- Business Caseanalysen{\dbend}},
  author = {Unteutsch, Jens Perner; Michaela},
  year = {2020},
  institution = {Frontier Economics Ltd{\dbend}},
  file = {C:\Users\scl38887\Zotero\storage\5GYAZXVT\Perner - (VERTRAULICH) WIRTSCHAFTLICHKEIT VONPTX PRODUKTEN AUSNORDAFRIKA – BUSINESS CASEANALYSEN�.pdf}
}

@article{Peters2023,
  title = {{{RePP Africa}} -- a Georeferenced and Curated Database on Existing and Proposed Wind, Solar, and Hydropower Plants},
  author = {Peters, Rebecca and Berlekamp, J{\"u}rgen and Tockner, Klement and Zarfl, Christiane},
  year = {2023},
  month = jan,
  journal = {Scientific Data},
  volume = {10},
  number = {1},
  publisher = {{Springer Science and Business Media LLC}},
  doi = {10.1038/s41597-022-01922-1},
  priority = {prio2},
  readstatus = {skimmed},
  file = {C:\Users\scl38887\Zotero\storage\2WV43RLS\Peters2023 - RePP Africa _ a Georeferenced and Curated Database on Existing and Proposed Wind, Solar, and Hydropower Plants.pdf}
}

@misc{Pfeifroth2017,
  title = {Surface Radiation Data Set - Heliosat ({{SARAH}}) - Edition 2},
  author = {Pfeifroth, Uwe and Kothe, Steffen and M{\"u}ller, Richard and Trentmann, J{\"o}rg and Hollmann, Rainer and Fuchs, Petra and Werscheck, Martin},
  year = {2017},
  doi = {10.5676/EUM_SAF_CM/SARAH/V002}
}

@article{Pfenninger2014,
  title = {Energy Systems Modeling for Twenty-First Century Energy Challenges},
  author = {Pfenninger, Stefan and Hawkes, Adam and Keirstead, James},
  year = {2014},
  month = may,
  journal = {Renewable and Sustainable Energy Reviews},
  volume = {33},
  pages = {74--86},
  publisher = {Elsevier BV},
  doi = {10.1016/j.rser.2014.02.003},
  file = {C:\Users\scl38887\Zotero\storage\C6BM3C6U\Pfenninger2014 - Energy Systems Modeling for Twenty First Century Energy Challenges.pdf}
}

@article{Pfenninger2017,
  title = {The Importance of Open Data and Software: {{Is}} Energy Research Lagging Behind?},
  author = {Pfenninger, Stefan and DeCarolis, Joseph and Hirth, Lion and Quoilin, Sylvain and Staffell, Iain},
  year = {2017},
  month = feb,
  journal = {Energy Policy},
  volume = {101},
  pages = {211--215},
  publisher = {Elsevier BV},
  doi = {10.1016/j.enpol.2016.11.046},
  file = {C:\Users\scl38887\Zotero\storage\EGFI4CZY\Pfenninger2017 - The Importance of Open Data and Software_ Is Energy Research Lagging Behind_.pdf}
}

@article{Pflugmann2020,
  title = {The Geopolitics of Renewable Hydrogen in Low-Carbon Energy Markets},
  author = {Pflugmann, Fridolin and Blasio, Nicola De},
  year = {2020},
  journal = {Geopolitics, History, and International Relations},
  volume = {12},
  number = {1},
  pages = {7},
  publisher = {Addleton Academic Publishers},
  doi = {10.22381/ghir12120201},
  file = {C:\Users\scl38887\Zotero\storage\2939WB7Y\2020a - The Geopolitics of Renewable Hydrogen in Low Carbon Energy Markets.pdf}
}

@techreport{Pieton2023,
  title = {{{HYPAT}} Working Paper 02/2023: {{Export}} Potentials of Green Hydrogen --{{Methodology}} for a Techno-{{EconomicAssessment}}},
  author = {Pieton, Natalia and {Abdel-Khalek}, Hazem and Graf, Marieke and Drechsler, Bj{\"o}rn and Lenivova, Veronika and Nolden, Christoph and Bergup, Emily and Fragoso, Mohammad Fuhad Anwar Sinha (Fraunhofer IEG)Joshua and Franke, Katja and Kleinschmitt, Christoph and M{\"u}ller, Viktor Paul and Holst, Martin Wietschel(Fraunhofer ISI)Marius and Weise, Friedrich and ISE, Christopher Voglst{\"a}tter (Fraunhofer},
  year = {2023},
  institution = {Fraunhofer IEG, Fraunhofer ISI, Fraunhofer ISE},
  file = {C:\Users\scl38887\Zotero\storage\3B2XNVGC\Pieton2023 - Export Potentials of Green Hydrogen –Methodology for a Techno EconomicAssessment.pdf}
}

@phdthesis{Plessmann2019,
  title = {Modeling Decarbonization Pathways {{ofEurope}}'s Electricity Supply System until 2050},
  author = {Ple{\ss}mann, Guido},
  year = {2019},
  school = {Carl von Ossietzky Universit{\" }at Oldenburg},
  file = {C:\Users\scl38887\Zotero\storage\L52GUN9P\-.pdf}
}

@inproceedings{Poncelet2016,
  title = {Myopic Optimization Models for Simulation of Investment Decisions in the Electric Power Sector},
  booktitle = {2016 13th International Conference on the European Energy Market ({{EEM}})},
  author = {Poncelet, Kris and Delarue, Erik and Six, Daan and Dhaeseleer, William},
  year = {2016},
  month = jun,
  publisher = {IEEE},
  doi = {10.1109/eem.2016.7521261},
  file = {C:\Users\scl38887\Zotero\storage\JPKSDDQU\Poncelet2016 - Myopic Optimization Models for Simulation of Investment Decisions in the Electric Power Sector.pdf}
}

@article{Pont2016,
  title = {Equitable Mitigation to Achieve the {{Paris Agreement}} Goals},
  author = {{du Pont}, Yann Robiou and Jeffery, M. Louise and G{\"u}tschow, Johannes and Rogelj, Joeri and Christoff, Peter and Meinshausen, Malte},
  year = {2016},
  month = dec,
  journal = {Nature Climate Change},
  volume = {7},
  number = {1},
  pages = {38--43},
  publisher = {{Springer Science and Business Media LLC}},
  doi = {10.1038/nclimate3186},
  file = {C:\Users\scl38887\Zotero\storage\4IFGSAMY\Pont2016 - Equitable Mitigation to Achieve the Paris Agreement Goals.pdf}
}

@techreport{Posada2018,
  title = {Fuel Economy Policy Options and Target Setting},
  author = {Posada, Francisco},
  year = {2018},
  institution = {The International Council on Clean Transportation, Global Fuel Economy Initiatve, FIA Foundation}
}

@misc{Powerplantmatching2019,
  title = {Powerplantmatching Tool},
  author = {{Powerplantmatching}},
  year = {2023},
  howpublished = {https://github.com/PyPSA/powerplantmatching}
}

@techreport{Pregger2022,
  title = {Szenarien Zur Eigenbedarfsanalyse F{\"u}r Die {{MENA-L{\"a}nder}}.{{MENA-Fuels}}: {{Teilbericht}} 9},
  author = {Pregger, T.},
  year = {2022},
  address = {Wuppertal, Stuttgart, Saarbr{\"u}cken},
  institution = {Deutschen Zentrums f{\"u}r Luft- und Raumfahrt (DLR)},
  file = {C:\Users\scl38887\Zotero\storage\MAB9IPYV\Pregger2022 - Szenarien Zur Eigenbedarfsanalyse Für Die MENA Länder.MENA Fuels_ Teilbericht 9.pdf}
}

@article{Price2022,
  title = {{{highRES-Europe}}: {{The}} High Spatial and Temporal Resolution Electricity System Model for Europe},
  author = {Price, James and Zeyringer, Marianne},
  year = {2022},
  month = jan,
  journal = {SoftwareX},
  volume = {17},
  pages = {101003},
  publisher = {Elsevier BV},
  doi = {10.1016/j.softx.2022.101003},
  file = {C:\Users\scl38887\Zotero\storage\8WME82XC\Price2022 - HighRES Europe_ the High Spatial and Temporal Resolution Electricity System Model for Europe.pdf}
}

@techreport{Prognos2020,
  title = {Klimaneutrales Deutschland},
  author = {{Prognos, {\"O}ko-Institut, Wuppertal-Institut}},
  year = {2020},
  address = {Berlin},
  institution = {Studie im Auftrag von Agora Energiewende, Agora Verkehrswende und Stiftung Klimaneutralit{\"a}t},
  file = {C:\Users\scl38887\Zotero\storage\5LQUESW6\- Klimaneutrales Deutschland. Studie Im Auftrag Von Agora Energiewende, Agora Verkehrswende Und Stiftung Klimaneutralität.pdf}
}

@techreport{Quitzow2016,
  title = {Die Zukunft Der Energieversorgung in Afrika. {{Potenzialabsch{\"a}tzung}} Und Entwicklungsm{\"o}glichkeiten Der Erneuerbaren Energien},
  author = {Rainer Quitzow, Sybille R{\"o}hrkasten, Benjamin Bayer, El Mostafa Jamea, Yvonne Waweru, Patrick Matschoss, David Jacobs},
  year = {2016},
  institution = {Institute for Advanced Sustainability Studies (IASS)},
  file = {C:\Users\scl38887\Zotero\storage\NZRDC5AY\Quitzow2016 - Die Zukunft Der Energieversorgung in Afrika. Potenzialabschätzung Und Entwicklungsmöglichkeiten Der Erneuerbaren Energien.pdf}
}

@misc{Rachidi2022,
  title = {Morocco and {{Algeria}}: {{A Long Rivalry}}},
  shorttitle = {Morocco and {{Algeria}}},
  author = {Rachidi, Ilhem},
  year = {2022},
  urldate = {2023-09-04},
  abstract = {The two neighbors' diplomatic relations ceased last summer. But this recent break merely sheds a light on a history of tensions and mistrust.},
  howpublished = {https://carnegieendowment.org/sada/87055},
  langid = {english},
  file = {C\:\\Users\\scl38887\\Zotero\\storage\\4Z5XK8KJ\\87055.html;C\:\\Users\\scl38887\\Zotero\\storage\\EUHD77CR\\87055.html}
}

@book{Rahman2021,
  title = {Neokoloniale Strukturen in Der Internationalen Klimapolitik},
  author = {Rahman, Lea},
  year = {2021},
  month = mar,
  publisher = {Tectum Verlag},
  ean = {9783828845992},
  isbn = {3-8288-4599-1}
}

@article{Rauner2020,
  title = {Coal-Exit Health and Environmental Damage Reductions Outweigh Economic Impacts},
  author = {Rauner, Sebastian and Bauer, Nico and Dirnaichner, Alois and Dingenen, Rita Van and Mutel, Chris and Luderer, Gunnar},
  year = {2020},
  month = mar,
  journal = {Nature Climate Change},
  volume = {10},
  number = {4},
  pages = {308--312},
  publisher = {{Springer Science and Business Media LLC}},
  doi = {10.1038/s41558-020-0728-x},
  file = {C:\Users\scl38887\Zotero\storage\8CEXH7J5\Rauner2020 - Coal Exit Health and Environmental Damage Reductions Outweigh Economic Impacts.pdf}
}

@techreport{Reggetin2022,
  title = {Low Demand Scenarios for {{aLow-Carbon}} European {{EnergySystem}}},
  author = {Reggetin, Paul},
  year = {2022},
  institution = {Albert-Ludwigs-Universit{\textasciidieresis}at Freiburg},
  file = {C:\Users\scl38887\Zotero\storage\MZSEGVD9\Thesis_PaulReggentin_5160050.pdf}
}

@article{Reinert2020,
  title = {Optimization of Regionally Resolved Energy Systemsby Spatial Aggregation and Disaggregation},
  author = {Reinert, C. and S{\"o}hler, T. and Baumg{\"a}rtner, N. and Bardow, A.},
  year = {2020},
  journal = {16. Symposium Energieinnovation},
  file = {C:\Users\scl38887\Zotero\storage\NICEZUTI\Reinert2020 - Optimization of Regionally Resolved Energy Systemsby Spatial Aggregation and Disaggregation.pdf}
}

@article{Renssen2020,
  title = {The Hydrogen Solution?},
  author = {{van Renssen}, Sonja},
  year = {2020},
  month = aug,
  journal = {Nature Climate Change},
  volume = {10},
  number = {9},
  pages = {799--801},
  publisher = {{Springer Science and Business Media LLC}},
  doi = {10.1038/s41558-020-0891-0},
  file = {C:\Users\scl38887\Zotero\storage\6GX8AVWD\Renssen2020 - The Hydrogen Solution_.pdf}
}

@article{RePEc:diw:diwdwr:dwr10-26-1,
  title = {{{EU ETS}} Cap Must and Can Be Reduced More Quickly},
  author = {Zaklan, Aleksandar and Duscha, Vicki and Gibis, Claudia and Wachsmuth, Jakob and Wei{\ss}, Jan and Kemfert, Claudia},
  year = {2020},
  journal = {DIW Weekly Report},
  volume = {10},
  number = {26/27},
  pages = {293--300},
  abstract = {Currently, the European Commission intends to increase the EU's 2030 climate target. Instead of a 40 percent target, greenhouse gas emissions would be reduced by 50 to 55 percent compared to 1990 levels; the European Parliament is even considering a 65-percent reduction. The European Emissions Trading System (EU ETS) sectors should make an appropriate contribution to this reduction. However, decisive for limiting global warming to 1.5 degrees Celsius, as in accordance with the Paris Agreement, is compliance with a consistent emissions budget, the total amount of cumulative greenhouse gas emissions. For the EU ETS, compliance with an emissions budget requires adjusting the emission cap. This Weekly Report derives the minimum requirement for emission reductions in the EU ETS sectors in line with a globally cost-effective emissions budget. The results show the cap must be urgently adjusted to ensure the minimum European contribution to limiting global warming to 1.5 degrees Celsius. Otherwise, beginning in 2030, drastic measures will be necessary to reduce emissions. At the same time, national coal phase-out plans and a more ambitious European energy policy make it possible to approximate the cost-effective pathway by adjusting the cap, without additional reduction requirements for the EU ETS sectors.},
  keywords = {cap adjustment,climate policy,EU ETS,Paris Agreement}
}

@techreport{RePEc:zbw:esprep:258999,
  type = {{{EconStor}} Preprints},
  title = {Flexible Green Hydrogen: {{Economic}} Benefits without Increasing Power Sector Emissions},
  author = {Ruhnau, Oliver and Schiele, Johanna},
  year = {2022},
  institution = {ZBW - Leibniz Information Centre for Economics},
  abstract = {Electrolytic hydrogen complements renewable energy in many net-zero energy scenarios. In these long-term scenarios with full decarbonization, the ``greenness'' of hydrogen is without question. In current energy systems, however, the ramp-up of hydrogen production may cause additional emissions. To avoid this potential adverse effect, recently proposed EU regulation defines strict requirements for electrolytic hydrogen to qualify as green: electrolyzers must run on additional renewable generation, which is produced in a temporally and geographically congruent manner. Focusing on the temporal dimension, this paper argues in favor of a more flexible definition of green hydrogen, which keeps the additionality criterion on a yearly basis but allows for dispatch optimization on a market basis within that period. We develop a model that optimizes dispatch and investment of a wind-hydrogen system---including wind turbines, hydrogen electrolysis, and hydrogen storage---and apply the model to a German case study based on data from 2017-2021. Contrasting different regulatory conditions, we show that a flexible definition of green hydrogen can reduce costs without additional power sector emissions. By contrast, requiring simultaneity implies that a rational investor would build a much larger wind turbine, hydrogen electrolyzer, and hydrogen storage than needed. This leads to additional costs, underutilized resources, and a potential slow-down of green hydrogen deployment. We discuss that current trends in the energy transition are likely to amplify the economic and environmental benefits of a flexible definition of green hydrogen and recommend this as the way forward for a sustainable hydrogen policy.},
  file = {C:\Users\scl38887\Zotero\storage\YXG6FK8V\RePEc_zbw_esprep_258999 - Flexible Green Hydrogen_ Economic Benefits without Increasing Power Sector Emissions.pdf}
}

@techreport{ResourceWatch2022,
  title = {Resource Watch Data Explorer},
  author = {{Resource Watch}},
  year = {2022},
  institution = {Resource Watch}
}

@article{Riahi2017,
  title = {The {{Shared Socioeconomic Pathways}} and Their Energy, Land Use, and Greenhouse Gas Emissions Implications: {{An}} Overview},
  author = {Riahi, Keywan and {van Vuuren}, Detlef P. and Kriegler, Elmar and Edmonds, Jae and O'Neill, Brian C. and Fujimori, Shinichiro and Bauer, Nico and Calvin, Katherine and Dellink, Rob and Fricko, Oliver and Lutz, Wolfgang and Popp, Alexander and Cuaresma, Jesus Crespo and KC, Samir and Leimbach, Marian and Jiang, Leiwen and Kram, Tom and Rao, Shilpa and Emmerling, Johannes and Ebi, Kristie and Hasegawa, Tomoko and Havlik, Petr and Humpen{\"o}der, Florian and Silva, Lara Aleluia Da and Smith, Steve and Stehfest, Elke and Bosetti, Valentina and Eom, Jiyong and Gernaat, David and Masui, Toshihiko and Rogelj, Joeri and Strefler, Jessica and Drouet, Laurent and Krey, Volker and Luderer, Gunnar and Harmsen, Mathijs and Takahashi, Kiyoshi and Baumstark, Lavinia and Doelman, Jonathan C. and Kainuma, Mikiko and Klimont, Zbigniew and Marangoni, Giacomo and {Lotze-Campen}, Hermann and Obersteiner, Michael and Tabeau, Andrzej and Tavoni, Massimo},
  year = {2017},
  month = jan,
  journal = {Global Environmental Change},
  volume = {42},
  pages = {153--168},
  publisher = {Elsevier BV},
  doi = {10.1016/j.gloenvcha.2016.05.009},
  file = {C:\Users\scl38887\Zotero\storage\927WWQJW\Riahi2017 - The Shared Socioeconomic Pathways and Their Energy, Land Use, and Greenhouse Gas Emissions Implications_ an Overview.pdf}
}

@article{Ringius1998,
  title = {Can Multi-Criteria Rules Fairly Distribute Climate Burdens?},
  author = {Ringius, Lasse and Torvanger, Asbj{\o}rn and Holtsmark, Bjart},
  year = {1998},
  month = aug,
  journal = {Energy Policy},
  volume = {26},
  number = {10},
  pages = {777--793},
  publisher = {Elsevier BV},
  doi = {10.1016/s0301-4215(98)00032-9},
  file = {C:\Users\scl38887\Zotero\storage\IKGPF2AY\Ringius1998 - Can Multi Criteria Rules Fairly Distribute Climate Burdens_.pdf}
}

@article{Ringkjoeb2018,
  title = {A Review of Modelling Tools for Energy and Electricity Systems with Large Shares of Variable Renewables},
  author = {Ringkj{\o}b, Hans-Kristian and Haugan, Peter M. and Solbrekke, Ida Marie},
  year = {2018},
  month = nov,
  journal = {Renewable and Sustainable Energy Reviews},
  volume = {96},
  pages = {440--459},
  publisher = {Elsevier BV},
  doi = {10.1016/j.rser.2018.08.002},
  file = {C:\Users\scl38887\Zotero\storage\Q5HYCNGL\Ringkjoeb2018 - A Review of Modelling Tools for Energy and Electricity Systems with Large Shares of Variable Renewables.pdf}
}

@techreport{Robertson2022,
  title = {The Carbon Capture Crux: {{Lessons}} Learned},
  author = {Robertson, Bruce and Mousavian, Milad},
  year = {2022},
  institution = {INSTITUTE FOR ENERGY ECONOMICS AND FINANCIAL ANALYSIS},
  file = {C:\Users\scl38887\Zotero\storage\G6FHLVZF\Robertson2022 - The Carbon Capture Crux_ Lessons Learned.pdf}
}

@article{RodriguezFernandez2020,
  title = {Allocation of Greenhouse Gas Emissions Using the Fairness Principle: {{A}} Multi-Country Analysis},
  author = {{Rodr{\'i}guez-Fern{\'a}ndez}, Laura and Carvajal, Ana Bel{\'e}n Fern{\'a}ndez and {Bujidos-Casado}, Mar{\'i}a},
  year = {2020},
  month = jul,
  journal = {Sustainability},
  volume = {12},
  number = {14},
  pages = {5839},
  publisher = {MDPI AG},
  doi = {10.3390/su12145839},
  file = {C:\Users\scl38887\Zotero\storage\92A7LPWE\RodriguezFernandez2020 - Allocation of Greenhouse Gas Emissions Using the Fairness Principle_ a Multi Country Analysis.pdf}
}

@article{Rogelj2019,
  title = {Estimating and Tracking the Remaining Carbon Budget for Stringent Climate Targets},
  author = {Rogelj, Joeri and Forster, Piers M. and Kriegler, Elmar and Smith, Christopher J. and S{\'e}f{\'e}rian, Roland},
  year = {2019},
  month = jul,
  journal = {Nature},
  volume = {571},
  number = {7765},
  pages = {335--342},
  publisher = {{Springer Science and Business Media LLC}},
  doi = {10.1038/s41586-019-1368-z}
}

@electronic{Rosenkranz2022,
  title = {Habeck Warnt Vor "Gruenem {{Energie-Imperialismus}}"},
  author = {Rosenkranz, Jan},
  year = {2022},
  month = jun,
  file = {C\:\\Users\\scl38887\\Zotero\\storage\\X6BPKPA6\\HabeckEnergieimperialismus -.html;C\:\\Users\\scl38887\\Zotero\\storage\\YX5N2RAE\\HabeckEnergieimperialismus -.html}
}

@article{Roser2013,
  title = {Income Inequality},
  author = {Roser, Max and {Ortiz-Ospina}, Esteban},
  year = {2013},
  journal = {Our World in Data}
}

@article{Ruggles2021,
  title = {Opportunities for Flexible Electricity Loads Such as Hydrogen Production from Curtailed Generation},
  author = {Ruggles, Tyler H. and Dowling, Jacqueline A. and Lewis, Nathan S. and Caldeira, Ken},
  year = {2021},
  month = aug,
  journal = {Advances in Applied Energy},
  volume = {3},
  pages = {100051},
  publisher = {Elsevier BV},
  doi = {10.1016/j.adapen.2021.100051},
  file = {C\:\\Users\\scl38887\\Zotero\\storage\\4MUQU6PN\\Ruggles2021 - Opportunities for Flexible Electricity Loads Such As Hydrogen Production from Curtailed Generation.pdf;C\:\\Users\\scl38887\\Zotero\\storage\\JHGCAPSN\\Ruggles et al. - 2021 - Opportunities for flexible electricity loads such .pdf}
}

@article{Ruggles2022,
  title = {Wind and Solar Generation May Reduce the Inter-Annual Variability of Peak Residual Load in Certain Electricity Systems},
  author = {Ruggles, Tyler H. and Caldeira, Ken},
  year = {2022},
  month = jan,
  journal = {Applied Energy},
  volume = {305},
  pages = {117773},
  publisher = {Elsevier BV},
  doi = {10.1016/j.apenergy.2021.117773},
  file = {C:\Users\scl38887\Zotero\storage\CTGIX3KF\Ruggles2022 - Wind and Solar Generation May Reduce the Inter Annual Variability of Peak Residual Load in Certain Electricity Systems.pdf}
}

@techreport{Ruhnau2021Storage,
  title = {Storage Requirements in a 100\% Renewable Electricity System: {{Extreme}} Events and Inter-Annual Variability},
  author = {Ruhnau, Oliver and Qvist, Staffan},
  year = {2021},
  address = {Kiel, Hamburg},
  institution = {ZBW - Leibniz Information Centre for Economics},
  abstract = {In the context of 100\% renewable electricity systems, prolonged periods with persistently scarce supply from wind and solar resources have received increasing academic and political attention. This article explores how such scarcity periods relate to energy storage requirements. To this end, we contrast results from a time series analysis with those from a system cost optimization model, based on a German 100\% renewable case study using 35 years of hourly time series data. While our time series analysis supports previous findings that periods with persistently scarce supply last no longer than two weeks, we find that the maximum energy deficit occurs over a much longer period of nine weeks. This is because multiple scarce periods can closely follow each other. When considering storage losses and charging limitations, the period defining storage requirements extends over as much as 12 weeks. For this longer period, the cost-optimal storage capacity is about three times larger compared to the energy deficit of the scarcest two weeks. Adding other sources of flexibility for the example of bioenergy, the duration of period that defines storage requirements lengthens to more than one year. When optimizing system costs based on single years rather than a multi-year time series, we find substantial inter-annual variation in storage requirements with the most extreme year needing more than twice as much storage as the average year. We conclude that focusing on short-duration extreme events or single years can lead to an underestimation of storage requirements and costs of a 100 \% renewable system.},
  copyright = {http://www.econstor.eu/dspace/Nutzungsbedingungen},
  langid = {english},
  keywords = {330,Batteries,Dunkelflaute,Electricity system,Energy storage,Hydrogen,Inter-annual variability,Low-wind events,Q4,Q40,Q41,Q42,Renewable energy,Wind and solar power},
  file = {C:\Users\scl38887\Zotero\storage\B3KY23QJ\Ruhnau2021Storage - Storage Requirements in a 100% Renewable Electricity System_ Extreme Events and Inter Annual Variability.pdf}
}

@article{Ruhnau2022,
  title = {Cost-Potential Curves of Onshore Wind Energy: The Role of Disamenity Costs},
  author = {Ruhnau, Oliver and Eicke, Anselm and Sgarlato, Raffaele and Tr{\"o}ndle, Tim and Hirth, Lion},
  year = {2022},
  month = nov,
  journal = {Environmental and Resource Economics},
  publisher = {{Springer Science and Business Media LLC}},
  doi = {10.1007/s10640-022-00746-2},
  file = {C:\Users\scl38887\Zotero\storage\6JJXCYEV\Ruhnau2022 - Cost Potential Curves of Onshore Wind Energy_ the Role of Disamenity Costs.pdf}
}

@article{Ruhnau2023,
  title = {Flexible Green Hydrogen: {{The}} Effect of Relaxing Simultaneity Requirements on Project Design, Economics, and Power Sector Emissions},
  author = {Ruhnau, Oliver and Schiele, Johanna},
  year = {2023},
  month = nov,
  journal = {Energy Policy},
  volume = {182},
  pages = {113763},
  publisher = {Elsevier BV},
  doi = {10.1016/j.enpol.2023.113763}
}

@article{Ruijven2012,
  title = {Emission Allowances and Mitigation Costs of {{China}} and {{India}} Resulting from Different Effort-Sharing Approaches},
  author = {{van Ruijven}, Bas J. and Weitzel, Matthias and den Elzen, Michel G.J. and Hof, Andries F. and {van Vuuren}, Detlef P. and Peterson, Sonja and Narita, Daiju},
  year = {2012},
  month = jul,
  journal = {Energy Policy},
  volume = {46},
  pages = {116--134},
  publisher = {Elsevier BV},
  doi = {10.1016/j.enpol.2012.03.042},
  file = {C:\Users\scl38887\Zotero\storage\JUIJHLD7\Ruijven2012 - Emission Allowances and Mitigation Costs of China and India Resulting from Different Effort Sharing Approaches.pdf}
}

@article{Sahu2019,
  title = {Emissions Sharing Observations from a Diverse Range of Countries},
  author = {{Sahu} and {Saizen}},
  year = {2019},
  month = jul,
  journal = {Sustainability},
  volume = {11},
  number = {15},
  pages = {4013},
  publisher = {MDPI AG},
  doi = {10.3390/su11154013},
  file = {C:\Users\scl38887\Zotero\storage\GIZJM4QQ\Sahu2019 - Emissions Sharing Observations from a Diverse Range of Countries.pdf}
}

@article{Samadi2023,
  title = {The Renewables Pull Effect: {{How}} Regional Differences in Renewable Energy Costs Could Influence Where Industrial Production Is Located in the Future},
  shorttitle = {The Renewables Pull Effect},
  author = {Samadi, Sascha and Fischer, Andreas and Lechtenb{\"o}hmer, Stefan},
  year = {2023},
  month = oct,
  journal = {Energy Research \& Social Science},
  volume = {104},
  pages = {103257},
  issn = {2214-6296},
  doi = {10.1016/j.erss.2023.103257},
  urldate = {2023-09-19},
  abstract = {To combat climate change, it is anticipated that in the coming years countries around the world will adopt more stringent policies to reduce greenhouse gas emissions and increase the use of clean energy sources. These policies will also affect the industry sector, which means that industrial production is likely to progressively shift from CO2-emitting fossil fuel sources to renewable energy sources. As a result, a region's renewable energy resources could become an increasingly important factor in determining where energy-intensive industries locate their production. We refer to this pull factor as the ``renewables pull'' effect. Renewables pull could lead to the relocation of some industrial production as a consequence of regional differences in the marginal cost of renewable energy sources. In this paper, we introduce the concept of renewables pull and explain why its importance is likely to increase in the future. Using the examples of direct reduced iron (DRI) and ammonia production, we find that the future costs of climate-neutral production of certain products is likely to vary considerably between regions with different renewable energy resources. However, we also identify the fact that many other factors in addition to energy costs determine the decisions that companies make in term of location, leaving room for further research to better understand the future relevance of renewables pull.},
  keywords = {Climate change mitigation,Industry relocation,Industry transformation,International trade,Renewable energy potential,Renewables pull},
  file = {C\:\\Users\\scl38887\\Zotero\\storage\\Y4TD9S2A\\Samadi et al. - 2023 - The renewables pull effect How regional differenc.pdf;C\:\\Users\\scl38887\\Zotero\\storage\\7A5CNXZD\\S2214629623003171.html}
}

@article{Sasanpour2021,
  title = {Strategic Policy Targets and the Contribution of Hydrogen in a 100\% Renewable {{European}} Power System},
  author = {Sasanpour, Shima and Cao, Karl-Ki{\^e}n and Gils, Hans Christian and Jochem, Patrick},
  year = {2021},
  month = nov,
  journal = {Energy Reports},
  volume = {7},
  pages = {4595--4608},
  publisher = {Elsevier BV},
  doi = {10.1016/j.egyr.2021.07.005},
  file = {C:\Users\scl38887\Zotero\storage\GEXBUXNA\Sasanpour2021 - Strategic Policy Targets and the Contribution of Hydrogen in a 100% Renewable European Power System.pdf}
}

@techreport{Saurat2022,
  title = {Beschrei-Bung Des Energieversorgungsmodells {{WISEE-ESM-I}}. {{MENA-Fuels}}: {{Teilbericht}} 4},
  author = {Saurat, M., L., Jan{\ss}en, T., Kiefer, S., Kr{\"u}ger, C., Nebel, A., Dor{\'e}},
  year = {2022},
  address = {Wuppertal, Stuttgart, K{\"o}ln, Saarbr{\"u}cken},
  institution = {Wuppertal Institut},
  file = {C:\Users\scl38887\Zotero\storage\LQC9QVL9\Saurat2022 - Beschrei Bung Des Energieversorgungsmodells WISEE ESM I. MENA Fuels_ Teilbericht 4.pdf}
}

@electronic{Schaudwet2021,
  title = {Gr{\"u}ner {{WasserstoffImport-Wasserstoff}} Mit Nebenwirkungen},
  author = {Schaudwet, Christian},
  year = {2021},
  file = {C:\Users\scl38887\Zotero\storage\G2947KNC\Schaudwet2021 - Grüner WasserstoffImport Wasserstoff Mit Nebenwirkungen.html}
}

@techreport{Schellekens2010,
  title = {Moving towards 100{\textbackslash}\% Renewable Electricity in {{Europe}} {\textbackslash}\& {{North Africa}} by 2050},
  author = {Schellekens, G. and Battaglini, A. and Lilliestam, J. and McDonnell, J. and Patt, A.},
  year = {2010},
  file = {C:\Users\scl38887\Zotero\storage\RXCRDEQR\Schellekens2010 - 100% Renewable ElectricityA Roadmap to 2050 for Europe and North Africa.pdf}
}

@article{Schlachtberger2017,
  title = {The Benefits of Cooperation in a Highly Renewable {{European}} Electricity Network},
  author = {Schlachtberger, D.P. and Brown, T. and Schramm, S. and Greiner, M.},
  year = {2017},
  month = sep,
  journal = {Energy},
  volume = {134},
  pages = {469--481},
  publisher = {Elsevier BV},
  doi = {10.1016/j.energy.2017.06.004},
  file = {C:\Users\scl38887\Zotero\storage\DM9KHNW5\Schlachtberger2017 - The Benefits of Cooperation in a Highly Renewable European Electricity Network.pdf}
}

@article{Schultes2021,
  title = {Economic Damages from On-Going Climate Change Imply Deeper near-Term Emission Cuts},
  author = {Schultes, Anselm and Piontek, Franziska and Soergel, Bjoern and Rogelj, Joeri and Baumstark, Lavinia and Kriegler, Elmar and Edenhofer, Ottmar and Luderer, Gunnar},
  year = {2021},
  month = oct,
  journal = {Environmental Research Letters},
  volume = {16},
  number = {10},
  pages = {104053},
  publisher = {IOP Publishing},
  doi = {10.1088/1748-9326/ac27ce},
  file = {C:\Users\scl38887\Zotero\storage\JWZQEC32\Schultes2021 - Economic Damages from on Going Climate Change Imply Deeper near Term Emission Cuts.pdf}
}

@mastersthesis{Schumm2019,
  title = {Developing {{Low Carbon Energy Systems Based}} on {{High-Resolution Feed-in Profiles}} of {{Renewable Energies}}. {{A Cross-Sectoral Optimisation}} and {{Simulation Approach}} of the {{German Energy Transition}} in {{Compliance With}} the {{Paris Agreement}}},
  author = {Schumm, Leon},
  year = {2019},
  address = {Regensburg},
  priority = {prio1},
  school = {Ostbayerische Technische Hochschule Regensburg},
  file = {C:\Users\scl38887\Zotero\storage\UKHIDJM4\MASTERS_THESIS_V2.1.pdf}
}

@article{Schumm2022,
  title = {Mechanisms of Change in Trauma-Focused Treatment for {{PTSD}}: {{The}} Role of Rumination},
  author = {Schumm, Hannah and {Kr{\"u}ger-Gottschalk}, Antje and Dyer, Anne and Pittig, Andre and Cludius, Barbara and Takano, Keisuke and Alpers, Georg W. and Ehring, Thomas},
  year = {2022},
  month = jan,
  journal = {Behaviour Research and Therapy},
  volume = {148},
  pages = {104009},
  publisher = {Elsevier BV},
  doi = {10.1016/j.brat.2021.104009},
  file = {C:\Users\scl38887\Zotero\storage\6TIU3WJ9\Schumm2022 - Mechanisms of Change in Trauma Focused Treatment for PTSD_ the Role of Rumination.pdf}
}

@article{Schyska2020,
  title = {How Regional Differences in Cost of Capital Influence the Optimal Design of Power Systems},
  author = {Schyska, Bruno U. and Kies, Alexander},
  year = {2020},
  month = mar,
  journal = {Applied Energy},
  volume = {262},
  pages = {114523},
  publisher = {Elsevier BV},
  doi = {10.1016/j.apenergy.2020.114523},
  file = {C:\Users\scl38887\Zotero\storage\B6VCAXM6\Schyska2020 - How Regional Differences in Cost of Capital Influence the Optimal Design of Power Systems.pdf}
}

@techreport{Searates2022,
  title = {Distances \& Time},
  author = {{Searates}},
  year = {2022}
}

@article{Sens2022,
  title = {Cost Minimized Hydrogen from Solar and Wind -- {{Production}} and Supply in the {{European}} Catchment Area},
  author = {Sens, Lucas and Piguel, Yannick and Neuling, Ulf and Timmerberg, Sebastian and Wilbrand, Karsten and Kaltschmitt, Martin},
  year = {2022},
  month = aug,
  journal = {Energy Conversion and Management},
  volume = {265},
  pages = {115742},
  publisher = {Elsevier BV},
  doi = {10.1016/j.enconman.2022.115742},
  file = {C:\Users\scl38887\Zotero\storage\5JNRKQUN\Sens2022 - Cost Minimized Hydrogen from Solar and Wind _ Production and Supply in the European Catchment Area.pdf}
}

@techreport{Sensfuss2021,
  title = {Langfristszenarien F{\"u}r Die Transformation Des Energiesystems in Deutschland 3. {{Kurzbericht}}: 3 Hauptszenarien},
  author = {Sensfu{\ss}, Frank and Lux, Benjamin and Bernath, Christiane and Kiefer, Christoph and Pfluger, Benjamin and Kleinschmitt, Christoph and Franke, Katja and Deac, Gerda and Brugger, Heike and Fleiter, Tobias and Rehfeldt, Matthias and Herbst, Andrea and Pia, Manz and Neuwirth, Marius and Wietschel, Martin and Gnann, Till and Speth, Daniel and Krail, Michael and Mellwig, Peter and Bl{\"o}mer, Sebastian and Tersteegen, Bernd and Maurer, Christoph and Ladermann, Alexander and Dr{\"o}scher, Tom and Willemsen, Sebastian and {M{\"u}ller-Kirchenbauer}, Joachim and Giehl, Johannes and Hilaire, M{\'e}lissa and Sch{\"o}ngart, Sarah and Kurre, Ashlen and Hollnagel, Jeremias and {von Mikulicz-Radecki}, Flora},
  year = {2021},
  institution = {Consentec GmbH; Fraunhofer-Institut f{\"u}r System- und Innovationsforschung ISI; ifeu -- Institut f{\"u}r Energie- und Umweltforschung Heidelberg; Technische Universit{\"a}t Berlin},
  file = {C:\Users\scl38887\Zotero\storage\Z2TTYBKF\Sensfuss2021 - Langfristszenarien Für Die Transformation Des Energiesystems in Deutschland 3. Kurzbericht_ 3 Hauptszenarien.pdf}
}

@techreport{Sensfuss2021a,
  title = {Langfristszenarien F{\"u}r Die Transformation Des Energiesystems in Deutschland 3. {{Kurzbericht}}: 3 Hauptszenarien (Presentation)},
  author = {Sensfu{\ss}, Frank; Lux, Christiane; Kiefer, Christoph; Pfluger, Benjamin; Kleinschmitt, Chris-toph; Franke, Katja; Deac, Gerda; Brugger, Heike; Fleiter, Tobias; Rehfeldt, Matthias, Herbst, Andrea; Pia, Manz; Neuwirth, Marius; Wietschel, Martin; Gnann, Till; Speth, Daniel; Krail, Michael; Mellwig, Peter; Bl{\"o}hmer, Se-bastian; Tersteegen, Bernd; Maurer, Christoph; Ladermann, Alexander; Dr{\"o}scher, Tom; Willemsen, Sebastian; M{\"u}ller-Kirchenbauer, Joachim; Giehl, Johannes; Hilaire, M{\'e}lissa; Sch{\"o}ngart, Sarah; Kurre, Ashlen; Hollnagel, Jeremias; von Mikulicz-Radecki, Flora, Benjamin; Bernath},
  year = {2021},
  institution = {Consentec GmbH; Fraunhofer-Institut f{\"u}r System- und Innovationsforschung ISI; ifeu -- Institut f{\"u}r Energie- und Umweltforschung Heidelberg; Technische Universit{\"a}t Berlin},
  file = {C:\Users\scl38887\Zotero\storage\K82M6SDQ\Sensfuss2021a - Langfristszenarien Für Die Transformation Des Energiesystems in Deutschland 3. Kurzbericht_ 3 Hauptszenarien (Presentation).pdf}
}

@techreport{Smolinka2018,
  title = {Studie {{IndWEDeIndustrialisierung}} Der Wasser Elektrolyse in Deutschland: {{Chancen}} Und Herausforderungen F{\"u}r Nachhaltigen Wasserstoff F{\"u}r Verkehr, Strom Und W{\"a}rme},
  author = {Tom Smolinka, Nikolai Wiebe, Andreas Palzer, Franz Lehner, Malte Jansen, Steffen Kiemel, Robert Miehe, Sylvia Wahren, Fabian Zimmermann, Philip Sterchele},
  year = {2018},
  address = {Berlin},
  institution = {Nationale Organisation Wasserstoff- und Brennstoffzellentechnologie -- NOW GmbH,},
  file = {C:\Users\scl38887\Zotero\storage\L8XEQLS6\Smolinka2018 - Studie IndWEDeIndustrialisierung Der Wasser Elektrolyse in Deutschland_ Chancen Und Herausforderungen Für Nachhaltigen Wasserstoff Für Verkehr, Strom Und Wärme.pdf}
}

@techreport{SRU2020,
  title = {Using the {{CO2}} Budgetto Meet the {{Paris}} Climate Targets},
  author = {{SRU}},
  year = {2020},
  file = {C:\Users\scl38887\Zotero\storage\7SLWRK6J\- Using the CO2 Budgetto Meet the Paris Climate Targets.pdf}
}

@article{Staffell2023,
  title = {A Global Model of Hourly Space Heating and Cooling Demand at Multiple Spatial Scales},
  author = {Staffell, Iain and Pfenninger, Stefan and Johnson, Nathan},
  year = {2023},
  month = sep,
  journal = {Nature Energy},
  pages = {1--17},
  publisher = {Nature Publishing Group},
  issn = {2058-7546},
  doi = {10.1038/s41560-023-01341-5},
  urldate = {2023-09-18},
  abstract = {Accurate modelling of the weather's temporal and spatial impacts on building energy demand is critical to decarbonizing energy systems. Here we introduce a customizable model for hourly heating and cooling demand applicable globally at all spatial scales. We validate against demand from {\textasciitilde}5,000 buildings and 43 regions across four continents. The model requires limited data inputs and shows better agreement with measured demand than existing models. We use it first to demonstrate that a 1\,{$^\circ$}C reduction in thermostat settings across all buildings could reduce Europe's gas consumption by 240\,TWh\,yr-1, approximately one-sixth of historical imports from Russia. Second, we show that service demand for cooling is increasing by up to 5\% per year in some regions due to climate change, and 5 billion people experience {$>$}100 additional cooling degree days per year when compared with a generation ago. The model and underlying data are freely accessible to promote further research.},
  copyright = {2023 The Author(s)},
  langid = {english},
  keywords = {Civil engineering,Energy infrastructure,Energy supply and demand,Environmental impact},
  file = {C:\Users\scl38887\Zotero\storage\CVNK38X8\Staffell et al. - 2023 - A global model of hourly space heating and cooling.pdf}
}

@article{Steil2021,
  title = {Brief Imagery Rescripting vs. Usual Care and Treatment Advice in Refugees with Posttraumatic Stress Disorder: Study Protocol for a Multi-Center Randomized-Controlled Trial},
  author = {Steil, Regina and {Lechner-Meichsner}, Franziska and Johow, Johannes and {Kr{\"u}ger-Gottschalk}, Antje and Mewes, Ricarda and Reese, Jens-Peter and Schumm, Hannah and Weise, Cornelia and Morina, Nexhmedin and Ehring, Thomas},
  year = {2021},
  month = jan,
  journal = {European Journal of Psychotraumatology},
  volume = {12},
  number = {1},
  pages = {1872967},
  publisher = {Informa UK Limited},
  doi = {10.1080/20008198.2021.1872967},
  file = {C:\Users\scl38887\Zotero\storage\4KF9PHQA\Steil2021 - Brief Imagery Rescripting Vs. Usual Care and Treatment Advice in Refugees with Posttraumatic Stress Disorder_ Study Protocol for a Multi Center Randomized Controlled Trial.pdf}
}

@article{Sterl2022,
  title = {An All-{{Africa}} Dataset of Energy Model ``Supply Regions'' for Solar Photovoltaic and Wind Power},
  author = {Sterl, Sebastian and Hussain, Bilal and Miketa, Asami and Li, Yunshu and Merven, Bruno and Ticha, Mohammed Bassam Ben and Elabbas, Mohamed A. Eltahir and Thiery, Wim and Russo, Daniel},
  year = {2022},
  month = oct,
  journal = {Scientific Data},
  volume = {9},
  number = {1},
  publisher = {{Springer Science and Business Media LLC}},
  doi = {10.1038/s41597-022-01786-5},
  file = {C:\Users\scl38887\Zotero\storage\EECDHDSS\Sterl2022 - An All Africa Dataset of Energy Model _supply Regions_ for Solar Photovoltaic and Wind Power.pdf}
}

@article{Swayne2021,
  title = {Integrating Transit Data and Travel Time into Food Security Analysis: {{A}} Case Study of {{San Diego}}, {{California}}},
  author = {Swayne, Madison R.E. and Lowery, Bryce C.},
  year = {2021},
  month = jun,
  journal = {Applied Geography},
  volume = {131},
  pages = {102461},
  publisher = {Elsevier BV},
  doi = {10.1016/j.apgeog.2021.102461},
  file = {C:\Users\scl38887\Zotero\storage\KPERP8LJ\Swayne2021 - Integrating Transit Data and Travel Time into Food Security Analysis_ a Case Study of San Diego, California.pdf}
}

@techreport{Terlouw2019,
  title = {{{GAS FOR CLIMATEThe}} Optimal Role for Gas in a Net-Zero Emissions Energy System},
  author = {Wouter Terlouw, Daan Peters, Matthias Schimmel, Tom Berg, Jan Cihlar, Goher Ur Rehman Mir, Matthias Sp{\"o}ttle, Maarten Staats, Ainhoa Villar Lejaretta, Maud Buseman, Mark Schenkel, Irina van Hoorn, Chris Wassmer, Eva Kamensek, Tobias Fichter{\dbend}, Juriaan van Tilburg},
  year = {2019},
  institution = {Navigant},
  file = {C:\Users\scl38887\Zotero\storage\2R6QX4BR\Terlouw2019 - GAS fOR CLIMATEThe Optimal Role for Gas in a Net Zero Emissions Energy System.pdf}
}

@article{Terrapon-Pfaff2019,
  title = {Social Impacts of Large-Scale Solar Thermal Power Plants: {{Assessment}} Results for the {{NOORO I}} Power Plant in {{Morocco}}},
  author = {{Terrapon-Pfaff}, Julia and Fink, Thomas and Viebahn, Peter and Jamea, El Mostafa},
  year = {2019},
  month = oct,
  journal = {Renewable and Sustainable Energy Reviews},
  volume = {113},
  pages = {109259},
  publisher = {Elsevier BV},
  doi = {10.1016/j.rser.2019.109259}
}

@article{Thurner2017,
  title = {Pandapower - an Open Source Python Tool for Convenient Modeling, Analysis and Optimization of Electric Power Systems},
  author = {Thurner, Leon and Scheidler, Alexander and Sch{\"a}fer, Florian and Menke, Jan-Hendrik and Dollichon, Julian and Meier, Friederike and Meinecke, Steffen and Braun, Martin},
  year = {2017},
  publisher = {arXiv},
  doi = {10.48550/ARXIV.1709.06743},
  copyright = {arXiv.org perpetual, non-exclusive license},
  keywords = {and Science (cs.CE),Computational Engineering,Finance,FOS: Computer and information sciences},
  file = {C:\Users\scl38887\Zotero\storage\DEFG87BE\Thurner2017 - Pandapower an Open Source Python Tool for Convenient Modeling, Analysis and Optimization of Electric Power Systems.pdf}
}

@article{Timmerberg2019a,
  title = {Hydrogen from Renewables: {{Supply}} from {{North Africa}} to {{Central Europe}} as Blend in Existing Pipelines -- {{Potentials}} and Costs},
  author = {Timmerberg, Sebastian and Kaltschmitt, Martin},
  year = {2019},
  month = mar,
  journal = {Applied Energy},
  volume = {237},
  pages = {795--809},
  publisher = {Elsevier BV},
  doi = {10.1016/j.apenergy.2019.01.030},
  file = {C:\Users\scl38887\Zotero\storage\9RTN8MAF\Timmerberg2019 - Hydrogen from Renewables_ Supply from North Africa to Central Europe As Blend in Existing Pipelines _ Potentials and Costs.pdf}
}

@article{Toktarova2019,
  title = {Long Term Load Projection in High Resolution for All Countries Globally},
  author = {Toktarova, Alla and Gruber, Lotta and Hlusiak, Markus and Bogdanov, Dmitrii and Breyer, Christian},
  year = {2019},
  month = oct,
  journal = {Electrical Power and Energy Systems},
  volume = {111},
  pages = {160--181},
  publisher = {Elsevier BV},
  doi = {10.1016/j.ijepes.2019.03.055},
  file = {C:\Users\scl38887\Zotero\storage\Y4GQDH3Q\Toktarova2019 - Long Term Load Projection in High Resolution for All Countries Globally.pdf}
}

@article{Touili2018,
  title = {A Technical and Economical Assessment of Hydrogen Production Potential from Solar Energy in {{Morocco}}},
  author = {Touili, Samir and Merrouni, Ahmed Alami and Azouzoute, Alae and Hassouani, Youssef El and Amrani, Abdel-illah},
  year = {2018},
  month = dec,
  journal = {International Journal of Hydrogen Energy},
  volume = {43},
  number = {51},
  pages = {22777--22796},
  publisher = {Elsevier BV},
  doi = {10.1016/j.ijhydene.2018.10.136},
  file = {C:\Users\scl38887\Zotero\storage\ABEZWG56\Touili2018 - A Technical and Economical Assessment of Hydrogen Production Potential from Solar Energy in Morocco.pdf}
}

@inproceedings{Touili2019,
  title = {A Techno-Economic Comparison of Solar Hydrogen Production between {{Morocco}} and {{Southern Europe}}},
  booktitle = {2019 International Conference on Wireless Technologies, Embedded and Intelligent Systems ({{WITS}})},
  author = {Touili, Samir and Merrouni, Ahmed Alami and Hassouani, Youssef El and Amrani, Abdel-Illah and Azouzoute, Alae},
  year = {2019},
  month = apr,
  publisher = {IEEE},
  doi = {10.1109/wits.2019.8723659}
}

@article{Touili2022,
  title = {Performance Analysis and Economic Competiveness of 3 Different {{PV}} Technologies for Hydrogen Production under the Impact of Arid Climatic Conditions of {{Morocco}}},
  author = {Touili, Samir and Bouaichi, Abdellatif and Merrouni, Ahmed Alami and Amrani, Abdel-illah and Amrani, Aumeur El and Hassouani, Youssef El and Messaoudi, Choukri},
  year = {2022},
  month = aug,
  journal = {International Journal of Hydrogen Energy},
  publisher = {Elsevier BV},
  doi = {10.1016/j.ijhydene.2022.07.088}
}

@article{TovarFacio2021,
  title = {Sustainable Energy Transition: Modeling and Optimization},
  author = {{Tovar-Facio}, Javier and Mart{\'i}n, Mariano and {Ponce-Ortega}, Jos{\'e} Mar{\'i}a},
  year = {2021},
  month = mar,
  journal = {Current Opinion in Chemical Engineering},
  volume = {31},
  pages = {100661},
  publisher = {Elsevier BV},
  doi = {10.1016/j.coche.2020.100661}
}

@article{Tries2023,
  title = {Benefits from {{Islanding Green Hydrogen Production}}},
  author = {Tries, C and Hofmann, F and Brown, T},
  abstract = {In wind- and solar-dominated energy systems it has been assumed that there are synergies between producing electricity and electrolytic hydrogen since electrolysis can use excess electricity that would otherwise be curtailed. However, it remains unclear whether these synergies hold true at higher levels of hydrogen demand and how they compare with benefits of off-grid, islanded hydrogen production, such as better renewable resources and cost savings on electronics due to relaxed power quality standards. Using a mathematical model across two geographical locations for Germany, Spain, Australia, and Great Britain, we explore trade-offs and synergies between integrated and islanded electrolysers. Below a certain threshold, between 5\% and 40\% hydrogen share depending on the country, integrated electrolysers offer synergies in flexibility and reduced curtailment. Above these thresholds, islanded electrolysers become more favourable. Without cost advantages, systems including islanded electrolysers in Germany achieve up to 21\% lower hydrogen costs than systems with only integrated electrolysers. With 25\% island cost advantage, this benefit rises to 40\% lower hydrogen costs. Our study identifies three investment regimes with country-specific transition points that vary based on island cost advantages and each country's renewable resources. Based on our results we provide guidelines for countries considering how to deploy electrolysers.},
  langid = {english},
  file = {C:\Users\scl38887\Zotero\storage\3BE6AT73\Tries et al. - Benefits from Islanding Green Hydrogen Production.pdf}
}

@techreport{Tries2023a,
  title = {Benefits from Islanding Hydrogen Production in Renewable Energy Systems},
  author = {C. Tries, F. Hofmanna, T. Brown},
  year = {2023},
  institution = {Technichal University of Berlin, Department for Digital Transformation in Energy Systems,},
  file = {C:\Users\scl38887\Zotero\storage\PADEXM4L\Tries2023 - Benefits from Islanding Hydrogen Production in Renewable Energy Systems.pdf}
}

@phdthesis{Trost2017,
  title = {Erneuerbare {{Mobilit{\"a}t}} Im Motorisierten {{Individualverkehr}} Modellgest{\"u}tzte {{Szenarioanalyse}} Der {{Marktdiffusion}} Alternativer {{Fahrzeugantriebe}} Und Deren {{Auswirkungen}} Auf Das {{Energieversorgungssystem}}},
  author = {Trost, Tobias},
  year = {2017},
  address = {Stuttgart},
  isbn = {9783839611296},
  school = {Fraunhofer Verlag}
}

@phdthesis{Ueckerdt2015,
  title = {Integrating Variable Electricity Supply from Wind and Solar {{PV}} into Power Systems},
  author = {Ueckerdt, Falko},
  year = {2015},
  doi = {10.14279/DEPOSITONCE-4497},
  langid = {english},
  school = {Technische Universit{\"a}t Berlin / TU Berlin},
  keywords = {500 Naturwissenschaften und Mathematik,climate change,Erneuerbare Energie,integration,Integration,Klimawandel,power sector modeling,Renewable energy,Stromsektormodellierung,Variabilitat,variability},
  file = {C:\Users\scl38887\Zotero\storage\XBU78DES\Ueckerdt2015 - Integrating Variable Electricity Supply from Wind and Solar PV into Power Systems.pdf}
}

@article{Ueckerdt2017,
  title = {Decarbonizing Global Power Supply under Region-Specific Consideration of Challenges and Options of Integrating Variable Renewables in the {{REMIND}} Model},
  author = {Ueckerdt, Falko and Pietzcker, Robert and Scholz, Yvonne and Stetter, Daniel and Giannousakis, Anastasis and Luderer, Gunnar},
  year = {2017},
  month = may,
  journal = {Energy Economics},
  volume = {64},
  pages = {665--684},
  publisher = {Elsevier BV},
  doi = {10.1016/j.eneco.2016.05.012},
  file = {C:\Users\scl38887\Zotero\storage\FVQ6JBG2\Ueckerdt2017 - Decarbonizing Global Power Supply under Region Specific Consideration of Challenges and Options of Integrating Variable Renewables in the REMIND Model.pdf}
}

@article{Ueckerdt2019,
  title = {The Economically Optimal Warming Limit of the Planet},
  author = {Ueckerdt, Falko and Frieler, Katja and Lange, Stefan and Wenz, Leonie and Luderer, Gunnar and Levermann, Anders},
  year = {2019},
  month = nov,
  journal = {Earth System Dynamics},
  volume = {10},
  number = {4},
  pages = {741--763},
  publisher = {Copernicus GmbH},
  doi = {10.5194/esd-10-741-2019},
  ranking = {rank5},
  keywords = {OpenData,rank5},
  file = {C:\Users\scl38887\Zotero\storage\5MXF8A2A\Ueckerdt2019 - The Economically Optimal Warming Limit of the Planet.pdf}
}

@techreport{Ueckerdt2019a,
  title = {Australia's Power Advantage. {{Energy}} Transition and Hydrogen Export Scenarios. {{Insights}} from the Australian-German Energy Transition Hub},
  author = {Ueckerdt, Falko and Dargaville, Roger and Gils, Hans-Christian and McConnell, Dylan and Meinshausen, Malte and Scholz, Yvonne and Schreyer, Felix and Wang, Changlong},
  year = {2019},
  institution = {Australian-German Energy Transition Hub},
  file = {C:\Users\scl38887\Zotero\storage\ZSN3TGXS\Ueckerdt2019 - Australia’s Power Advantage. Energy Transition and Hydrogen Export Scenarios. Insights from the Australian German Energy Transition Hub.pdf}
}

@article{Ueckerdt2021,
  title = {Potential and Risks of Hydrogen-Based e-Fuels in Climate Change Mitigation},
  author = {Ueckerdt, Falko and Bauer, Christian and Dirnaichner, Alois and Everall, Jordan and Sacchi, Romain and Luderer, Gunnar},
  year = {2021},
  month = may,
  journal = {Nature Climate Change},
  volume = {11},
  number = {5},
  pages = {384--393},
  publisher = {{Springer Science and Business Media LLC}},
  doi = {10.1038/s41558-021-01032-7},
  file = {C:\Users\scl38887\Zotero\storage\6RENWYR6\Ueckerdt2021 - Potential and Risks of Hydrogen Based E Fuels in Climate Change Mitigation.pdf}
}

@misc{UmweltbundesamtIINAS2021,
  title = {{{ProBas}}: {{Prozessorientierte}} Basisdaten F{\"u}r Umweltmanagementsysteme},
  author = {{Umweltbundesamt und IINAS}},
  year = {2021}
}

@unknown{unknown,
  title = {Global {{GIS-based}} Potential Analysis and Cost Assessment of {{Power-to-X}} Fuels in 2050},
  author = {Pfennig, Maximilian and B{\"o}ttger, Diana and H{\"a}ckner, Benedikt and Geiger, David and Zink, Christoph and Bisevic, Andr{\'e} and Jansen, Lukas},
  year = {2022},
  month = aug,
  file = {C:\Users\scl38887\Zotero\storage\Y48TTMFB\unknown - Global GIS Based Potential Analysis and Cost Assessment of Power to X Fuels in 2050.pdf}
}

@article{vanderZwaan2021,
  title = {Timmermans' Dream: {{An}} Electricity and Hydrogen Partnership between {{Europe}} and {{North Africa}}},
  author = {{van der Zwaan}, Bob and Lamboo, Sam and Longa, Francesco Dalla},
  year = {2021},
  month = dec,
  volume = {159},
  pages = {112613},
  publisher = {Elsevier BV},
  doi = {10.1016/j.enpol.2021.112613},
  ranking = {rank5},
  file = {C:\Users\scl38887\Zotero\storage\RJKH4XAD\Zwaan2021 - Timmermans' Dream_ an Electricity and Hydrogen Partnership between Europe and North Africa.pdf}
}

@incollection{vanWijk2021,
  title = {Hydrogen--{{The}} Bridge between Africa and Europe},
  booktitle = {Shaping an Inclusive Energy Transition},
  author = {{van Wijk}, Ad and Wouters, Frank},
  year = {2021},
  pages = {91--119},
  publisher = {Springer International Publishing},
  doi = {10.1007/978-3-030-74586-8_5},
  priority = {prio1},
  file = {C:\Users\scl38887\Zotero\storage\ARVCRJ2R\Wijk2021 - Hydrogen_The Bridge between Africa and Europe.pdf}
}

@article{Verpoort2023,
  title = {Estimating the Renewables Pull in Future Global Green Value Chains},
  author = {Verpoort, Philipp C. and Gast, Lukas and Hofmann, Anke and Ueckerdt, Falko},
  year = {2023},
  month = apr,
  publisher = {Research Square Platform LLC},
  doi = {10.21203/rs.3.rs-2743794/v1}
}

@article{Victoria2020,
  title = {Early Decarbonisation of the {{European}} Energy System Pays Off},
  author = {Victoria, Marta and Zhu, Kun and Brown, Tom and Andresen, Gorm B. and Greiner, Martin},
  year = {2020},
  month = dec,
  journal = {Nature Communications},
  volume = {11},
  number = {1},
  publisher = {{Springer Science and Business Media LLC}},
  doi = {10.1038/s41467-020-20015-4},
  readstatus = {skimmed},
  file = {C\:\\Users\\scl38887\\Zotero\\storage\\PI6U59AF\\Victoria2020 - Early Decarbonisation of the European Energy System Pays off_SupplementaryInformation.pdf;C\:\\Users\\scl38887\\Zotero\\storage\\V8S26PV7\\Victoria2020 - Early Decarbonisation of the European Energy System Pays off.pdf}
}

@techreport{Viebahn2022,
  title = {Synthese {{undHandlungsoptionen}} -- Ergebnisbericht Des Projekts {{MENA-Fuels}}. {{Teilbericht}} 14},
  author = {Viebahn, P., J., Horst, J., Rosenstiel, A., Terrapon-Pfaff, J., Dor{\'e}, L., Kr{\"u}ger, C., Zelt, O., Pregger, T., Braun, J., Klann, U, Kern},
  year = {2022},
  institution = {Deutschen Zentrum f{\"u}r Luft- und Raumfahrt (DLR), Institut f{\"u}r Zukunfts Energie- und Stoffstromsysteme (IZES)},
  file = {C:\Users\scl38887\Zotero\storage\6277DEB3\Viebahn2022 - Synthese UndHandlungsoptionen – Ergebnisbericht Des Projekts MENA Fuels. Teilbericht 14.pdf}
}

@article{Wang2023,
  title = {Future Demand for Electricity Generation Materials under Different Climate Mitigation Scenarios},
  author = {Wang, Seaver and Hausfather, Zeke and Davis, Steven and Lloyd, Juzel and Olson, Erik B. and Liebermann, Lauren and {N{\'u}{\~n}ez-Mujica}, Guido D. and McBride, Jameson},
  year = {2023},
  month = feb,
  journal = {Joule},
  volume = {7},
  number = {2},
  pages = {309--332},
  publisher = {Elsevier BV},
  doi = {10.1016/j.joule.2023.01.001},
  file = {C:\Users\scl38887\Zotero\storage\TJT7FD72\Wang2023 - Future Demand for Electricity Generation Materials under Different Climate Mitigation Scenarios.pdf}
}

@techreport{Way2021,
  title = {Empirically Grounded Technology Forecasts and the Energy Transition},
  author = {Mealy, Rupert Way; Matthew Ives; Penny and Farmer, J. Doyne},
  year = {2021},
  institution = {Institute for New Economic Thinking at the Oxford Martin School, University ofOxford, Oxford, UK},
  file = {C:\Users\scl38887\Zotero\storage\24GRU64U\Way2021 - Empirically Grounded Technology Forecasts and the Energy Transition.pdf}
}

@techreport{WBGU2009,
  title = {Kassensturz F{\"u}r Den Weltklimavertrag -- Der Budgetansatz},
  author = {UMWELTVER{\"A}NDERUNGEN, WISSENSCHAFTLICHER BEIRAT DER BUNDESREGIERUNGGLOBALE},
  year = {2009},
  institution = {WISSENSCHAFTLICHER BEIRAT DER BUNDESREGIERUNGGLOBALE UMWELTVER{\"A}NDERUNGEN},
  file = {C:\Users\scl38887\Zotero\storage\68HGFHMV\WBGU2009 - Kassensturz Für Den Weltklimavertrag – Der Budgetansatz.pdf}
}

@article{Weber2019,
  title = {Counter-Intuitive Behaviour of Energy System Models under {{CO2}} Caps and Prices},
  author = {Weber, Juliane and Heinrichs, Heidi Ursula and Gillessen, Bastian and Schumann, Diana and H{\"o}rsch, Jonas and Brown, Tom and Witthaut, Dirk},
  year = {2019},
  month = mar,
  journal = {Energy},
  volume = {170},
  pages = {22--30},
  publisher = {Elsevier BV},
  doi = {10.1016/j.energy.2018.12.052},
  file = {C:\Users\scl38887\Zotero\storage\BDSN89X5\Weber2019 - Counter Intuitive Behaviour of Energy System Models under CO2 Caps and Prices.pdf}
}

@article{Welder2018,
  title = {Spatio-Temporal Optimization of a Future Energy System for Power-to-Hydrogen Applications in {{Germany}}},
  author = {Welder, Lara and Ryberg, D.Severin and Kotzur, Leander and Grube, Thomas and Robinius, Martin and Stolten, Detlef},
  year = {2018},
  month = sep,
  journal = {Energy},
  volume = {158},
  pages = {1130--1149},
  publisher = {Elsevier BV},
  doi = {10.1016/j.energy.2018.05.059}
}

@article{Wiese2018,
  title = {Balmorel Open Source Energy System Model},
  author = {Wiese, Frauke and Bramstoft, Rasmus and Koduvere, Hardi and Alonso, Amalia Pizarro and Balyk, Olexandr and Kirkerud, Jon Gustav and Tveten, {\AA}sa Grytli and Bolkesj{\o}, Torjus Folsland and M{\"u}nster, Marie and Ravn, Hans},
  year = {2018},
  month = apr,
  journal = {Energy Strategy Reviews},
  volume = {20},
  pages = {26--34},
  publisher = {Elsevier BV},
  doi = {10.1016/j.esr.2018.01.003},
  file = {C:\Users\scl38887\Zotero\storage\F2TJNRSZ\Wiese2018 - Balmorel Open Source Energy System Model.pdf}
}

@article{Wiese2019,
  title = {Open Power System Data -- Frictionless Data for Electricity System Modelling},
  author = {Wiese, Frauke and Schlecht, Ingmar and Bunke, Wolf-Dieter and Gerbaulet, Clemens and Hirth, Lion and Jahn, Martin and Kunz, Friedrich and Lorenz, Casimir and M{\"u}hlenpfordt, Jonathan and Reimann, Juliane and Schill, Wolf-Peter},
  year = {2019},
  month = feb,
  journal = {Applied Energy},
  volume = {236},
  pages = {401--409},
  publisher = {Elsevier BV},
  doi = {10.1016/j.apenergy.2018.11.097}
}

@techreport{Wietschel2022,
  title = {Impulspapier: {{Krieg}} in Der {{Ukraine}}: {{Auswirkungen}} Auf Die Europ{\"a}ischeund Deutsche {{Importstrategie}} von {{Wasserstoff}} Und {{Syntheseprodukten}}},
  author = {Wietschel, Martin},
  year = {2022},
  institution = {Fraunhofer-Institut f{\"u}r System- und Innovationsforschung ISI},
  file = {C:\Users\scl38887\Zotero\storage\BL7NXHXI\Wietschel2022 - Impulspapier_ Krieg in Der Ukraine_ Auswirkungen Auf Die Europäischeund Deutsche Importstrategie Von Wasserstoff Und Syntheseprodukten.pdf}
}

@techreport{WITS2022,
  title = {Morocco Trade Statistics: {{Exports}}, Imports, Products, Tariffs, {{GDP}} and Related Development Indicator.},
  author = {{WITS}},
  year = {2022},
  institution = {World Integrated Trade Solutions (WITS)}
}

@phdthesis{Wohland2019,
  title = {Impacts of Climate Variability and Climatechange on Renewable Power Generation},
  author = {Wohland, Jan},
  year = {2019},
  school = {Universit{\"a}t zu K{\"o}ln}
}

@techreport{WRI2022,
  title = {Power Explorer Plattform},
  author = {{WRI}},
  year = {2022},
  institution = {World Resources Institute}
}

@electronic{Xlinks2021,
  title = {{{XLinks}} Morocco-{{UK}} Power Project},
  author = {{Xlinks}},
  year = {2021},
  file = {C:\Users\scl38887\Zotero\storage\CT9DZBFR\- XLinks Morocco UK Power Project.html}
}

@article{Yue2018,
  title = {A Review of Approaches to Uncertainty Assessment in Energy System Optimization Models},
  author = {Yue, Xiufeng and Pye, Steve and DeCarolis, Joseph and Li, Francis G.N. and Rogan, Fionn and Gallach{\'o}ir, Brian {\'O}.},
  year = {2018},
  month = aug,
  journal = {Energy Strategy Reviews},
  volume = {21},
  pages = {204--217},
  publisher = {Elsevier BV},
  doi = {10.1016/j.esr.2018.06.003}
}

@misc{Zeyen2022,
  title = {Hourly versus Annually Matched Renewable Supply for Electrolytic Hydrogen},
  author = {Zeyen, Elisabeth and Riepin, Iegor and Brown, Tom},
  year = {2022},
  publisher = {Zenodo},
  doi = {10.5281/ZENODO.7457441},
  copyright = {Creative Commons Attribution 4.0 International},
  langid = {english},
  keywords = {decarbonisation,electrolysis,green hydrogen,PPA,regulation},
  file = {C\:\\Users\\scl38887\\Zotero\\storage\\4FJ4ECV5\\greenh2_iop-1.pdf;C\:\\Users\\scl38887\\Zotero\\storage\\V5ZF5LP5\\Zeyen2022 - Hourly Versus Annually Matched Renewable Supply for Electrolytic Hydrogen.pdf}
}

@article{Zeyen2023,
  title = {Endogenous Learning for Green Hydrogen in a Sector-Coupled Energy Model for {{Europe}}},
  author = {Zeyen, Elisabeth and Victoria, Marta and Brown, Tom},
  year = {2023},
  month = jun,
  journal = {Nature Communications},
  volume = {14},
  number = {1},
  publisher = {{Springer Science and Business Media LLC}},
  doi = {10.1038/s41467-023-39397-2},
  file = {C:\Users\scl38887\Zotero\storage\7VVWVWG4\Zeyen2023 - Endogenous Learning for Green Hydrogen in a Sector Coupled Energy Model for Europe.pdf}
}

@article{Zeyringer2018,
  title = {Designing Low-Carbon Power Systems for {{Great Britain}} in 2050 That Are Robust to the Spatiotemporal and Inter-Annual Variability of Weather},
  author = {Zeyringer, Marianne and Price, James and Fais, Birgit and Li, Pei-Hao and Sharp, Ed},
  year = {2018},
  month = apr,
  journal = {Nature Energy},
  volume = {3},
  number = {5},
  pages = {395--403},
  publisher = {{Springer Science and Business Media LLC}},
  doi = {10.1038/s41560-018-0128-x},
  file = {C:\Users\scl38887\Zotero\storage\WMJPKGCC\Zeyringer2018 - Designing Low Carbon Power Systems for Great Britain in 2050 That Are Robust to the Spatiotemporal and Inter Annual Variability of Weather.pdf}
}

@article{Zhou2016,
  title = {Carbon Dioxide Emissions Allocation: {{A}} Review},
  author = {Zhou, P. and Wang, M.},
  year = {2016},
  month = may,
  journal = {Ecological Economics},
  volume = {125},
  pages = {47--59},
  publisher = {Elsevier BV},
  doi = {10.1016/j.ecolecon.2016.03.001},
  file = {C:\Users\scl38887\Zotero\storage\JJYNEMQH\Zhou2016 - Carbon Dioxide Emissions Allocation_ a Review.pdf}
}
