@Article{Schumm2018,
  author     = {Schumm, Leon},
  journal    = {Solar Energy},
  title      = {{Ein Buch}},
  year       = {2018},
  readstatus = {read},
}

@Article{Neumann2021,
  author     = {Fabian Neumann and Tom Brown},
  journal    = {Electric Power Systems Research},
  title      = {The near-optimal feasible space of a renewable power system model},
  year       = {2021},
  month      = {jan},
  pages      = {106690},
  volume     = {190},
  doi        = {10.1016/j.epsr.2020.106690},
  file       = {:Neumann2021 - The near Optimal Feasible Space of a Renewable Power System Model.pdf:PDF},
  groups     = {Inspiration, PyPSA, Tom Brown},
  publisher  = {Elsevier {BV}},
  readstatus = {skimmed},
}

@Comment{jabref-meta: databaseType:bibtex;}
